1976 3120
253 109 282 160 1
292 108 361 160 72
905 109 984 153 DE
1017 108 1356 154 AETATIBUS

187 184 228 216 Η

90 245 184 277 abeat
202 245 245 276 Μ
256 234 415 297 discit,
446 234 534 283 ubi
563 235 705 282 nulla
736 237 812 282 est
842 235 962 282 uita.
1024 233 1188 281 Uerbo
1221 234 1425 296 expulsa
1456 235 1683 298 egritudo
1715 235 1936 298 discedit3

253 309 407 356 uerbo
446 309 670 357 reuocita
716 310 848 357 salus
896 307 1134 368 adcurrit3
1180 308 1330 356 uerbo
1378 309 1570 372 uertigo
1608 309 1938 372 tranquillata

253 383 554 446 languescit,
607 382 757 430 uerbo
810 383 1055 430 fluctuans
1100 381 1234 429 unda
1286 382 1535 444 liquescit3
1590 385 1640 432 et
1684 400 1744 432 ne
1789 383 1938 446 plura

252 473 544 520 persequar,
591 473 688 505 non
736 456 879 504 licuit
923 458 1131 503 naturae
1176 471 1275 504 non
1322 471 1425 504 esse
1464 457 1596 518 quod
1639 457 1724 505 ille
1762 457 1937 520 uoluit,

209 547 232 581 5
255 548 355 580 non
392 531 661 579 reluctauit
706 532 887 577 natura
932 546 1032 578 non
1069 545 1210 592 posse
1251 530 1383 592 quod
1427 529 1586 578 iussit.
1660 531 1782 580 Post
1817 531 1939 580 haec

255 621 373 654 uero
421 608 479 653 ut
523 604 782 667 plenitudo
822 603 1012 651 Iudaici
1058 603 1217 652 en‘tus
1256 604 1460 652 celerior
1496 604 1656 668 fieret,
1701 605 1834 654 liuor
1878 605 1939 653 de

254 679 478 728 bonitate
533 678 845 740 conquiritur
891 680 941 726 et
994 678 1111 740 quia
1159 678 1337 726 cecitas
1384 677 1610 726 claritate
1663 679 1938 742 refulserat,

258 754 482 802 conlator
540 753 662 800 lucis
730 752 791 800 ab
855 752 1152 800 aduersariis
1204 751 1476 799 inuidetur:
1537 769 1653 800 uere
1706 751 1940 801 tenebrae

255 830 509 889 patronus,
549 826 634 888 qui
672 826 725 873 in
763 842 850 876 suo
889 825 1040 889 figulo
1080 841 1179 873 non
1218 825 1469 874 dubitauit
1506 827 1677 875 scelus.
1745 826 1939 891 Flagel-

190 917 235 950 10
257 902 392 949 latur
422 903 663 963 perpetua
694 901 868 963 uirtus,
900 899 1194 948 uniuersalis
1227 900 1515 962 conspuitur
1545 901 1678 948 salus
1710 903 1760 948 et
1783 899 1940 949 crucis

256 975 483 1038 patibulo
523 974 841 1036 suspenditur
878 974 1026 1022 Deus.
1097 972 1214 1030 Quis
1252 974 1373 1022 haec
1412 976 1500 1022 aut
1537 974 1697 1022 dicere
1736 975 1940 1023 auderet

259 1053 348 1098 aut
394 1049 666 1097 dicentibus
715 1049 954 1110 crederet,
1002 1047 1135 1110 quod
1180 1048 1334 1096 Iudea
1378 1050 1456 1096 tot
1500 1048 1733 1110 periculis
1782 1051 1938 1111 eruta,

257 1125 336 1172 tot
380 1123 582 1186 proeliis
628 1122 904 1186 uindicata,
959 1124 1037 1170 tot
1080 1121 1328 1169 beneficiis
1374 1121 1642 1170 inlustrata
1684 1123 1807 1171 haec
1851 1137 1941 1170 suo

259 1197 349 1246 deo
397 1198 557 1245 facere
603 1199 813 1259 poterat.
893 1195 989 1244 Sed
1028 1195 1243 1257 qualiter
1279 1196 1460 1243 Iudeus
1499 1196 1765 1258 adoptatus
1807 1195 1943 1244 fflius

183 1280 246 1322 46
263 1271 460 1320 caderet
498 1273 547 1319 et
585 1271 784 1334 gentilis
831 1269 1095 1332 adoptiuus
1131 1265 1137 1333 Ι
1171 1269 1302 1317 filius
1341 1270 1652 1332 surrexisset,
1690 1269 1788 1318 nisi
1824 1269 1942 1333 quia

192 1361 235 1394 16
258 1348 336 1394 tot
379 1344 626 1393 beneficiis
672 1345 898 1408 ingratus
944 1344 1028 1391 ille
1074 1344 1287 1406 populus
1334 1344 1501 1391 extitit
1553 1346 1603 1391 et
1655 1344 1749 1391 iste
1801 1343 1941 1392 nullo

258 1422 527 1482 praeeunte
568 1419 801 1481 obsequio
842 1418 1064 1482 gratuita
1104 1417 1268 1480 gratia
1307 1419 1594 1466 consecutus
1634 1417 1807 1466 euasit.

1033 1550 1168 1597 XIII.

93 1651 187 1682 abest
203 1649 242 1682 N
372 1639 676 1702 Oportuerat
722 1639 923 1702 quidem
969 1641 1028 1686 ut
1074 1642 1355 1700 temporum
1398 1639 1516 1687 ordo
1563 1638 1783 1687 dictabat
1822 1637 1941 1687 Gae-

191 1731 237 1763 20
260 1730 426 1762 sarum
465 1717 602 1762 actus
642 1714 874 1774 uitasque
915 1713 1206 1772 describere,
1254 1713 1338 1760 sed
1378 1713 1495 1774 quia
1540 1712 1652 1760 illos
1693 1712 1796 1760 siue
1834 1712 1942 1761 Deo

258 1789 364 1836 siue
411 1788 648 1849 apostolis
694 1790 840 1849 turpe
887 1786 985 1833 fuit
1031 1786 1315 1848 praeficere,
1369 1789 1618 1848 postremo
1666 1802 1781 1849 ergo
1832 1787 1942 1836 loco

259 1878 386 1924 quae
432 1861 852 1924 praetermisimus
899 1859 1213 1922 postmodum
1259 1859 1518 1907 edicemus.
1600 1860 1762 1924 Igitur
1805 1862 1943 1922 post-

260 1951 411 1998 quam
454 1935 611 1983 Iudea
659 1935 833 1982 salutis
879 1933 1151 1981 remedium
1197 1933 1423 1995 patibulo
1472 1933 1625 1982 crucis
1673 1933 1844 1982 adfixit
1893 1936 1944 1982 et

257 2010 431 2058 mortis
478 2009 741 2057 medellam
788 2023 938 2070 quam
982 2007 1162 2054 habere
1207 2006 1365 2070 magis
1404 2007 1641 2055 debuerat
1685 2007 1866 2070 caruit,
1911 2023 1943 2055 a

193 2099 236 2133 25
258 2083 366 2131 Deo
406 2098 496 2132 suo
544 2083 744 2131 exulata
789 2081 1029 2144 proicitur
1068 2083 1118 2128 et
1157 2081 1260 2128 eius
1297 2081 1405 2129 loco
1443 2097 1649 2144 pereger
1684 2081 1817 2129 filius
1857 2080 1942 2129 ad-

260 2160 477 2220 optatur.
555 2156 738 2204 Statim
775 2156 945 2217 itaque
982 2154 1098 2201 fidei
1135 2154 1357 2202 doctores
1396 2156 1645 2217 apostolos
1684 2154 1856 2218 dirigit
1892 2155 1945 2202 et

259 2231 442 2280 sacrati
489 2231 690 2293 spiritus
736 2230 962 2277 flammeo
1010 2243 1234 2277 coruscos
1280 2228 1482 2276 adtactu
1527 2228 1667 2276 uerbi
1719 2228 1943 2277 caelestis

258 2305 626 2368 praedicatores
657 2304 836 2352 statuit
867 2306 917 2351 et
946 2302 1260 2364 baptismatis
1286 2302 1522 2352 dilutores
1546 2302 1709 2366 elegit.
1761 2302 1944 2350 Statim

381 2435 407 2474 9
423 2445 513 2489 sqq.
539 2432 597 2486 cf.
623 2429 791 2474 Matth.
811 2433 866 2472 27
997 2433 1051 2472 26
1069 2441 1159 2485 sqq.
1185 2429 1243 2483 cf.
1270 2430 1358 2473 act.
1386 2429 1535 2486 apost.
1561 2433 1587 2471 2
1610 2427 1778 2473 Matth.
1797 2431 1866 2484 28,
1886 2431 1941 2471 19

382 2553 406 2591 1
440 2547 600 2606 discit]
633 2546 834 2591 discedit
857 2547 904 2590 P
1024 2551 1049 2589 2
1081 2546 1302 2590 reuocata
1326 2546 1412 2591 ST
1524 2550 1553 2588 4
1583 2557 1838 2602 prosequar
1859 2543 1948 2589 ST

322 2611 348 2649 6
379 2606 523 2650 fuerit
546 2607 593 2650 P
690 2611 713 2649 7
747 2605 946 2649 fulserat
969 2605 1005 2650 S
1099 2609 1155 2648 14
1183 2604 1314 2660 pofit
1335 2605 1375 2648 T
1400 2604 1611 2661 possetS
1689 2603 1779 2647 ado
1812 2604 1942 2646 tatus

259 2665 428 2710 iudeus
459 2666 506 2710 R
662 2669 717 2708 15
761 2666 971 2721 surgeret
1002 2664 1038 2709 S
1151 2662 1233 2719 qui
1263 2664 1320 2721 Pl
1485 2667 1540 2706 16
1582 2661 1691 2720 iste]
1741 2661 1751 2670 '
1794 2674 1819 2705 e
1851 2661 1888 2706 S

263 2758 318 2797 17
351 2753 607 2811 gratuitam
635 2756 772 2811 fflm
793 2735 964 2811 yse3r⁹
987 2752 1023 2797 S
1154 2756 1207 2794 21
1246 2751 1433 2807 §dicere
1458 2750 1494 2795 S
1624 2754 1680 2793 24
1710 2748 1942 2794 medelam

261 2827 363 2872 ΒΤ
391 2829 454 2883 (111
485 2828 567 2871 del.
598 2842 655 2872 m.
686 2830 734 2884 2)
780 2826 965 2871 medela
995 2825 1032 2870 S
1190 2828 1246 2867 25
1277 2837 1468 2881 peregre
1499 2823 1546 2867 R
1557 2824 1600 2868 T
1638 2811 1828 2881 pegrin⁹
1849 2822 1887 2868 S

262 2905 319 2944 27
360 2886 439 2945 sad
466 2900 502 2946 S
610 2900 855 2945 choruscos
881 2900 967 2945 PS
1112 2902 1166 2941 28
1201 2897 1433 2942 delatores
1461 2898 1503 2941 Τ
1899 2896 1902 2899 ⁴
