1976 3120
0 60 18 182 J.
805 90 1224 138 CONTmENTIA
1790 90 1861 143 85

0 186 15 235 ss
107 171 159 204 E
176 219 368 270 Poteris
409 219 539 267 enim
579 236 635 267 ex
673 220 750 267 his
787 219 940 268 tacite
977 214 994 284 ΙΙ
1030 219 1190 266 multa
1229 217 1461 281 colligere
1508 233 1635 279 quae
1674 217 1737 265 ad
1774 217 1847 264 in-
1864 165 1954 269 7842

0 295 16 364 ξ
86 307 179 350 140
189 286 532 362 strulmentum
569 295 645 342 tui
683 293 946 356 proficiant
985 291 1227 341 desiderii.
1303 292 1412 356 Ego
1451 307 1572 340 uero
1613 290 1863 354 Chrisippi

4 427 12 431 Q
177 368 379 418 ellebori
431 368 691 417 rancidulo
747 383 914 418 acrore
968 367 1246 430 postposito
1301 383 1413 415 cum
1458 365 1615 414 Musis
1671 366 1866 427 aliquid

0 484 10 535 ἱ
174 442 407 491 blandius
447 442 723 491 fabulabor.

248 577 366 639 Uos,
404 577 731 639 Eliconiades,
771 593 931 639 neque
972 577 1102 625 enim
1139 577 1261 624 mihi
1302 577 1409 624 sola
1446 575 1674 624 uocanda
1714 577 1790 622 est
1888 589 1907 620 5

251 650 490 714 Calliope,
529 652 746 701 conferte
785 651 1010 714 gradum,
1050 651 1164 699 date
1202 650 1424 714 praemia
1454 650 1623 698 menti.

248 726 413 774 Maius
453 742 577 789 opus
616 741 816 786 moueo3
855 741 944 773 nec
983 726 1114 773 enim
1151 726 1273 773 mihi
1313 724 1499 774 sufficit
1535 740 1652 772 una.

252 799 462 862 Currite,
500 800 734 862 PierideS,
774 815 864 848 uos
904 799 1035 847 enim
1072 815 1182 848 mea
1220 797 1471 863 <mamma
1509 794 1681 863 cura>

248 874 506 923 Parrasias
546 875 693 922 niueo
733 875 997 936 conpellite
1037 875 1231 937 pectine
1272 874 1458 922 cordas.

287 1009 424 1057 Haec
461 1012 568 1056 tam
598 1024 759 1071 parua
790 1009 1011 1071 precatio
1051 1008 1193 1057 credo
1235 1009 1369 1070 quod
1398 1007 1692 1071 Uirgilianis
1724 1007 1865 1055 satis·
1892 1020 1935 1051 10

175 1083 351 1132 fecerit
387 1083 558 1131 Musis.
589 1078 606 1148 ΙΙ
637 1082 765 1131 Cede
804 1083 926 1130 mihi
957 1099 1087 1131 nunc
1118 1099 1381 1146 personam
1411 1082 1676 1130 Mantuani
1707 1082 1855 1143 uatis,
1870 1088 1956 1130 741

179 1173 278 1220 quo
317 1158 560 1221 fugitiuos
601 1158 707 1205 eius
746 1157 798 1204 in
837 1158 997 1205 lucem
1039 1158 1340 1205 deducamus
1382 1157 1666 1205 amfractus.
1735 1157 1869 1204 Nam

179 1247 287 1280 ecce
328 1231 390 1279 ad
427 1249 504 1279 me
545 1232 697 1279 etiam
734 1232 840 1293 ipse
871 1232 1044 1282 Ascrei
1080 1232 1234 1280 fontis
1271 1231 1612 1279 bractamento
1652 1230 1871 1279 saturior

179 1305 403 1368 aduenit,
460 1306 632 1368 quales
686 1309 862 1354 uatum
915 1306 1156 1369 imagines
1212 1321 1316 1354 esse
1371 1306 1553 1367 solent,
1611 1306 1731 1353 dum
1785 1305 1869 1352 ad-

181 1380 392 1442 sumptis
433 1381 496 1428 ad
536 1396 658 1442 opus
698 1380 1053 1428 conficiendum
1087 1380 1273 1428 tabulis
1306 1379 1507 1442 stupida
1537 1381 1700 1429 fronte
1734 1395 1868 1427 arca·
1895 1390 1937 1424 15

90 1464 178 1505 141
193 1471 314 1502 num
347 1454 586 1516 quiddam
617 1455 826 1502 latranti
855 1454 1153 1502 intrinsecus
1185 1457 1405 1502 tractatu
1437 1447 1870 1521 submurmulrant.

181 1527 272 1577 Oui
328 1544 440 1591 ego:
505 1529 725 1590 Seponas
779 1545 962 1591 quaeso
1016 1532 1273 1591 caperatos
1330 1531 1558 1591 optutus,
1610 1529 1872 1577 Ausonum

178 1605 353 1651 uatum
407 1602 692 1664 clarissime,
745 1603 1100 1666 rancidamque
1149 1603 1342 1651 altioris
1390 1604 1632 1651 salsuram
1682 1603 1872 1666 ingenii

177 1676 478 1726 iocundioris
520 1677 745 1739 quolibet
782 1677 943 1725 mellis
983 1693 1158 1739 sapore
1191 1677 1455 1725 dulciscas:
1495 1693 1612 1725 nam
1642 1693 1742 1725 non
1780 1677 1871 1724 illa

179 1751 232 1799 in
293 1751 395 1799 tuis
458 1751 685 1813 operibus
749 1751 1056 1814 quaerimus,
1118 1752 1171 1799 in
1227 1752 1408 1814 quibus
1464 1755 1552 1800 aut
1603 1751 1867 1814 Pitagoras
1895 1765 1938 1796 20

179 1825 409 1875 modulos
455 1828 546 1873 aut
582 1826 834 1874 Eraclitus
881 1826 1020 1889 ignes
1070 1829 1157 1874 aut
1193 1826 1341 1875 Plato
1391 1827 1528 1874 ideas
1569 1828 1660 1874 aut
1698 1826 1872 1874 Ermes

302 2075 327 2114 2
359 2070 483 2128 Ergo
514 2085 625 2116 uero
650 2072 708 2116 H
822 2070 1014 2130 crisippi
1038 2073 1095 2116 H
1098 2074 1125 2132 β
1165 2071 1440 2130 Chrysippei
1461 2073 1614 2117 Barth
1732 2073 1874 2131 ylo-ss:

185 2143 337 2202 asperi.
367 2144 546 2203 ingenii
578 2145 794 2189 acredine
825 2135 1022 2202 ptmisso
1054 2147 1153 2192 ΠΕ
1267 2152 1296 2191 4
1327 2146 1515 2191 fabulor
1537 2147 1637 2191 EL
1728 2151 1754 2190 8
1786 2160 1872 2190 uos

183 2203 307 2248 enim
345 2217 513 2262 meapa
544 2205 700 2249 PRD
748 2219 832 2249 uos
872 2204 996 2249 enim
1034 2219 1162 2250 meas
1194 2207 1230 2250 I
1268 2220 1351 2250 uos
1392 2220 1482 2262 que
1521 2220 1627 2250 mea
1664 2205 1873 2250 maxima

183 2276 295 2307 cura
326 2264 456 2309 Barb
502 2265 550 2307 et
594 2263 753 2308 iuncto
799 2264 964 2308 robore
1005 2264 1142 2309 nobis
1184 2267 1270 2311 edd
1389 2266 1540 2310 nam?
1572 2265 1646 2310 He
1765 2279 1873 2309 mea

185 2365 366 2395 summa
411 2351 671 2409 uoluptas?
702 2353 776 2398 He
938 2358 963 2396 9
1009 2324 1278 2411 Parrhasias
1315 2354 1366 2398 D
1529 2360 1583 2398 12
1632 2354 1871 2398 anfractus

182 2411 219 2455 I
221 2411 276 2455 H
281 2411 308 2470 β
431 2415 485 2454 13
523 2410 847 2456 bractamento
892 2414 1011 2471 yloss
1057 2413 1221 2457 subtili
1258 2414 1421 2471 figffito
1462 2415 1506 2459 U
1508 2414 1607 2460 LG
1656 2414 1872 2458 bractea-

183 2487 341 2529 mento
367 2485 590 2531 Mwncker
710 2490 764 2530 15
798 2486 1052 2531 archanum
1076 2487 1181 2532 HL
1228 2475 1450 2532 arcanum
1470 2488 1521 2531 E
1640 2492 1694 2531 16
1726 2488 1872 2545 quod-

185 2543 294 2588 dam
327 2545 354 2604 β
465 2546 621 2588 tractu
653 2546 680 2604 β
831 2551 886 2590 17
923 2560 1119 2604 seponas
1159 2560 1374 2604 suprascr
1412 2547 1468 2591 de
1509 2548 1553 2593 U
1557 2548 1600 2591 L
1714 2561 1873 2605 caper-

182 2605 312 2674 ratos
336 2604 421 2648 ΡΙ
423 2603 480 2648 Η
491 2604 535 2649 U
572 2606 834 2662 creperatos
860 2607 1033 2674 deterr.
1125 2607 1259 2651 adser
1289 2620 1477 2674 asperos
1508 2608 1667 2665 turpes
1701 2609 1872 2664 (tractu

185 2665 615 2790 ΞῖῧΕοὲΡὶἷὺ-αῗοιῗ
645 2664 937 2768 Εᾷξιζοῑιζίξιω
954 2726 1009 2768 H
1013 2680 1066 2768 ῗ
1088 2665 1477 2772 aqdmsqoymnhsini'lces
1509 2668 1579 2770 118
1610 2668 1872 2770 ταιῖἓὲἒῗιῗ

188 2794 278 2837 que
302 2781 401 2826 ΕΙ]
508 2786 562 2825 19
594 2781 880 2827 iucundioris
906 2784 990 2828 ΡΙ
992 2784 1096 2829 DG-
1170 2784 1410 2830 dulcescas
1427 2786 1484 2829 H
1489 2787 1516 2845 β
1631 2790 1687 2829 20
1717 2784 1872 2842 pitha-

187 2853 327 2896 goras
351 2840 460 2886 HD
504 2840 779 2900 phitagoras
804 2843 903 2887 EL
1031 2848 1084 2886 21
1118 2844 1333 2890 modulos
1365 2847 1499 2890 adsc‘r
1531 2860 1564 2890 s,
1599 2843 1873 2903 symphonia

197 2897 342 2943 UEL
439 2901 621 2945 hermes
645 2902 676 2944 1
719 2914 869 2946 ermas
903 2903 946 2947 U
