1976 3120
174 179 213 210 H

245 103 349 154 178
852 103 933 148 DE
964 104 1303 149 AETATIBUS

78 240 174 271 abest
193 239 219 269 0
241 228 374 276 iusta
426 229 546 277 haec
600 229 876 277 diuinitatis
923 229 975 275 in
1020 228 1284 277 rebellibus
1334 230 1501 278 fuerat
1543 247 1685 293 pena.
1762 231 1927 289 Quam

241 302 372 350 enim
395 303 550 350 Iudea
580 303 876 365 patientiam
906 303 1111 350 haberet
1140 303 1192 350 in
1222 303 1351 365 filiis,
1385 319 1510 365 quae
1541 320 1682 352 suam
1710 306 1925 354 salutem

239 392 395 438 usque
443 377 507 424 ad
552 377 834 439 patibulum
879 377 1176 437 perduxerat
1221 377 1397 438 crucis,
1453 380 1503 425 et
1552 394 1679 440 quae
1726 395 1924 427 carnem

238 450 333 497 filii
384 451 478 498 Dei
541 451 758 513 accipere
813 450 1022 512 spreuit,
1085 451 1163 498 sui
1224 466 1393 498 carnes
1451 451 1543 498 filii
1603 453 1703 500 suis
1765 453 1926 515 epulis

195 541 217 574 5
238 525 573 587 praeparauit.
651 524 802 572 Cerne
850 524 980 571 enim
1025 524 1143 586 quia
1185 525 1401 586 quinque
1447 525 1658 587 panibus
1699 526 1928 575 saturata

241 598 458 660 quinque
509 599 648 646 milia
697 601 813 645 ante
867 598 1107 646 deriserat
1164 601 1213 646 et
1264 615 1395 647 nunc
1435 626 1504 632 —-
1541 601 1740 647 tantum
1786 600 1927 649 uitae

237 673 486 734 reliquum
526 700 594 705 —-
633 672 725 719 filii
772 687 940 719 carnes
984 672 1202 720 esuriens
1240 672 1623 734 praelambebat.
1699 674 1924 723 Primum

240 746 392 794 etiam
437 747 666 794 Iudaicus
715 746 944 808 princeps
994 746 1111 793 dum
1158 746 1407 794 Christum
1459 747 1656 808 quaerit
1706 747 1925 796 infantes

238 820 494 882 interimit,
535 823 613 868 ast
651 819 730 868 hic
762 820 1001 868 secundus
1034 820 1150 867 dum
1183 819 1429 868 Christum
1466 820 1720 869 ulciscitur
1747 837 1926 884 paren-

173 913 216 944 10
238 896 346 942 tum
384 894 681 942 mandibulis
720 894 936 942 infantes
976 894 1178 942 addixit.
1249 893 1379 951 Quid
1415 895 1627 942 referam
1663 894 1924 945 Aureliani

174 1283 214 1314 15

170 1653 214 1683 20

238 969 291 1015 in
343 968 504 1015 Deum
564 970 839 1016 tumentem
892 968 1134 1015 inuidiam
1186 968 1329 1016 unius
1382 968 1612 1016 miraculi
1668 969 1923 1018 effectibus

239 1042 510 1090 delinitam.
609 1042 837 1104 Namque
900 1043 1017 1089 dum
1075 1043 1217 1090 miles
1250 1079 1442 1090 ......
1454 1079 1466 1104 ,
1528 1042 1763 1091 densatur
1824 1059 1924 1106 aer,

239 1118 548 1164 crassescunt
599 1116 831 1177 nebulae,
884 1116 1014 1179 ignis
1067 1117 1172 1178 ipse
1220 1117 1390 1178 etiam,
1446 1116 1487 1164 si
1534 1117 1663 1164 credi
1709 1117 1785 1164 fas
1832 1118 1923 1179 est,

239 1206 393 1252 aquas
434 1189 608 1238 didicit
645 1190 904 1252 parturire.
979 1190 1152 1237 Perdit
1189 1190 1318 1254 ignis
1356 1192 1589 1238 naturam
1625 1190 1678 1238 in
1715 1190 1923 1238 imbrem

238 1264 494 1327 migratus,
528 1264 736 1312 desudat
765 1265 1023 1312 humectus
1054 1265 1107 1311 in
1137 1265 1287 1311 radiis
1312 1264 1484 1326 Febus,
1519 1267 1568 1311 et
1597 1267 1654 1312 ut
1685 1264 1922 1313 diuinitas

238 1338 526 1400 imperauit,
572 1338 772 1386 flamma
811 1338 962 1386 etiam
1006 1339 1179 1400 pluere
1219 1338 1391 1386 didicit
1429 1340 1578 1400 atque
1616 1338 1669 1385 in
1707 1338 1810 1386 suis
1847 1338 1924 1386 in-

239 1412 422 1460 cendiis
454 1414 629 1476 guttas
660 1412 840 1460 habere
873 1428 922 1460 se
953 1412 1237 1474 repentinas
1271 1413 1484 1474 expauit.
1546 1412 1720 1460 Discat
1749 1412 1923 1474 itaque

236 1502 435 1549 pagana
481 1486 668 1534 duritia
714 1487 832 1548 quia
875 1502 965 1533 nec
1013 1486 1266 1534 elementis
1310 1486 1428 1533 licet
1473 1501 1615 1533 suam
1667 1485 1925 1535 uindicare

237 1562 482 1622 naturam,
523 1576 672 1622 quam
704 1559 1014 1608 Christianus
1051 1563 1190 1608 tenet
1227 1561 1278 1607 in
1318 1575 1459 1608 suum
1494 1560 1622 1607 uelle
1654 1560 1920 1622 captiuam.

238 1633 463 1695 Denique
510 1650 610 1681 una
656 1634 859 1695 pluuiae
906 1634 1039 1680 unda
1079 1636 1129 1681 et
1175 1634 1315 1681 arida
1353 1634 1609 1681 sitientum
1646 1633 1832 1681 ieiunia
1870 1635 1926 1683 et

237 1708 422 1770 pagani
460 1708 803 1769 persequentis
842 1707 1099 1755 humidata
1138 1710 1212 1755 est
1248 1708 1460 1754 flamma.
1521 1707 1629 1753 Iam
1667 1707 1792 1754 enim
1834 1706 1920 1754 ad-

237 1797 411 1829 uersus
454 1780 784 1828 Christianam
828 1781 975 1828 fidem
1022 1797 1160 1828 sacra
1207 1781 1447 1844 ediderat,
1494 1795 1645 1842 penas
1692 1780 1925 1828 infixerat

238 1858 288 1902 et
334 1854 580 1902 cruciatus
626 1857 901 1916 martyrum
947 1854 1153 1902 decretis
1199 1854 1408 1916 publicis
1453 1854 1699 1901 titularat.
1786 1853 1927 1910 Quas

236 1931 325 1976 tua
356 1929 544 1990 pluuia,
583 1929 729 1989 Deus,
770 1928 923 1975 imbre
955 1929 1142 1976 faculas
1176 1928 1396 1989 extinxit,
1437 1930 1486 1975 et
1517 1943 1618 1975 una
1651 1927 1920 1990 eademque

195 2020 214 2052 5
239 2003 485 2050 sententia
529 2002 800 2064 imperialis
849 2018 1055 2049 censura
1093 2002 1396 2065 infringitur,
1441 2001 1672 2049 militaris
1712 2001 1920 2052 ariditas

238 2078 508 2124 saturatur.
601 2075 728 2132 Quid
780 2076 991 2123 referam
1043 2076 1296 2138 placidum
1348 2076 1568 2123 Neruam
1629 2075 1919 2137 felicemque

354 2228 380 2267 5
413 2225 469 2279 cf.
495 2224 664 2269 Matth.
692 2229 760 2280 14,
788 2228 840 2267 19
867 2238 964 2279 sqq.
1100 2228 1155 2266 10
1178 2237 1267 2281 sqq.
1300 2224 1357 2278 cf.
1385 2221 1511 2267 Oros.
1535 2222 1622 2266 VII
1646 2226 1672 2267 7
1698 2236 1796 2279 sqq.

357 2370 378 2408 1
413 2364 544 2408 iuxta
567 2365 614 2408 R
734 2367 763 2406 4
793 2362 902 2406 filiis
935 2363 1030 2407 suis
1055 2364 1150 2407 PT
1267 2367 1291 2406 5
1325 2376 1461 2407 carne
1486 2363 1581 2407 PR
1625 2366 1760 2406 carne
1790 2362 1916 2407 Tem

236 2425 312 2469 He
394 2423 493 2467 sine
526 2437 662 2467 carne
685 2423 946 2477 Reiffersch.
1046 2427 1071 2465 6
1105 2436 1161 2465 en
1191 2436 1314 2466 nunc
1335 2423 1598 2477 Reifferseh.
1699 2425 1724 2464 7
1746 2420 1916 2478 reliqui

236 2483 283 2526 P
399 2487 452 2525 12
494 2481 747 2525 dillinitam
779 2482 823 2525 P
942 2485 995 2524 12
1035 2483 1194 2526 verba:
1236 2481 1458 2524 densatur
1497 2494 1576 2524 aer
1603 2505 1663 2512 ——
1693 2480 1742 2523 et
1781 2479 1917 2524 arida

237 2540 477 2584 sitientum
524 2546 579 2583 20
632 2542 713 2585 hoc
765 2541 860 2584 loco
913 2541 1077 2584 omissa
1130 2541 1341 2597 leywntur
1386 2545 1492 2596 post
1541 2537 1915 2595 praetermittam

234 2613 423 2644 necesse
450 2601 521 2643 est
539 2604 636 2654 179,
656 2604 703 2655 33
735 2601 1015 2655 transposuit
1037 2604 1077 2642 et
1099 2599 1183 2643 Zac.
1207 2600 1408 2665 siqnavit
1424 2598 1683 2652 Reiffersch.
1744 2597 1916 2641 lacuna

235 2659 301 2703 sic
338 2661 430 2712 fere
468 2660 640 2714 emplerz'
671 2663 840 2714 potest:
887 2656 1098 2716 <ieiunia
1136 2658 1378 2714 quentur>
1541 2660 1595 2698 15
1634 2655 1840 2698 mutatus
1873 2655 1918 2699 T

235 2717 447 2774 nigratus
471 2718 730 2771 Reiffersch.
834 2721 889 2759 20
922 2716 1114 2760 siciente
1141 2717 1183 2760 Τ
1279 2721 1334 2758 22
1368 2729 1498 2759 sacra
1521 2713 1676 2758 edicta
1700 2712 1916 2757 ediderat

236 2777 493 2830 Reiffersch.
632 2780 688 2817 24
718 2775 878 2830 ymbre
908 2776 950 2818 T
982 2775 1081 2818 irae
1103 2775 1361 2829 Reiffersch.
1476 2774 1625 2817 factas
1649 2789 1684 2815 ω
1729 2771 1917 2816 faculas

236 2835 498 2890 Reiffersch.
530 2833 677 2877 faclas
703 2835 808 2878 Sittl
832 2835 988 2878 awnal.
1013 2834 1232 2878 Bwrsian.
1258 2834 1356 2878 LV
1374 2834 1534 2890 (1888)
1556 2834 1649 2875 242
1736 2830 1912 2874 extinc-

235 2893 308 2937 xit
329 2894 376 2938 R
391 2894 430 2937 Τ
575 2897 630 2935 26
662 2906 854 2936 neruum
878 2894 924 2936 P
