1976 3120
857 110 1039 156 LIBER
1072 111 1085 154 1
1754 111 1821 164 19

57 190 110 227 x·
133 242 390 290 feruescat.
452 239 582 287 Nam
620 234 638 303 ΙΙ
675 240 725 287 et
763 237 1074 300 Teopompus
1119 236 1172 284 in
1221 235 1447 299 Cipriaco
1493 236 1709 286 carmine
1757 240 1806 286 et
1819 187 1914 293 6·th

131 314 388 364 Ellanicus
426 314 478 362 in
519 314 626 363 dios
663 312 842 376 politia
882 328 1032 375 quam
1071 310 1332 373 descripsit
1370 311 1443 358 ait
1480 311 1720 359 Iunonem
1760 312 1822 360 ab

130 389 250 439 Ioue
289 387 510 437 uinctam
549 387 735 436 catenis
777 386 941 434 aureis
983 388 1032 434 et
1067 385 1391 447 deyrauatam
1428 384 1688 434 incudibus
1727 386 1820 434 fer-

54 469 116 513 37
130 464 242 526 reis,
292 459 298 528 Ι
347 462 474 511 illud
527 461 850 511 nihilominus
904 459 1065 508 dicere
1118 460 1341 508 uolentes
1398 460 1530 522 quod
1579 476 1664 508 aer
1714 459 1822 524 igni

130 537 333 587 caelesti
372 535 681 586 coniunctior
726 534 916 584 duobus
962 535 1190 583 deorsum
1236 534 1491 582 elementis
1537 534 1819 597 misceatur,
1844 553 1864 585 5

128 613 181 661 id
219 614 295 660 est
333 627 492 674 aquae
525 613 575 660 et
604 613 782 672 terrae,
822 625 948 672 quae
981 610 1226 658 elementa
1257 608 1447 657 duobus
1487 608 1820 671 superioribus

130 686 365 752 grauiora
405 687 533 734 sunt.

624 833 710 881 IV.
766 831 994 881 Fabula
1032 832 1315 895 Neptuni.

237 938 528 1001 Neptunum
566 953 684 986 uero
714 935 924 985 tertium
961 937 1102 984 uelut
1133 951 1377 998 aquarum
1415 936 1686 984 uoluerunt
1726 936 1820 984 ele-

127 1015 372 1075 mentum,
419 1029 568 1076 quem
611 1011 723 1060 ideo
765 1009 918 1059 Grece
969 1010 1122 1059 etiam
1167 1009 1487 1060 Posidoniam
1532 1013 1822 1073 nuncupant
1846 1030 1889 1062 ιο

129 1086 272 1152 quasi
316 1086 435 1150 pion
479 1086 665 1135 idonan
712 1085 846 1148 quod
890 1100 979 1134 nos
1017 1085 1196 1133 Latine
1242 1084 1507 1134 facientem
1551 1084 1822 1148 imaginem

128 1162 350 1224 dicimuS,
387 1161 478 1210 issa
516 1159 749 1209 uidelicet
787 1158 981 1208 ratione
1019 1160 1152 1222 quod
1189 1160 1282 1208 hoc
1321 1160 1481 1209 solum
1520 1160 1822 1208 elementum

126 1235 369 1300 imagines
415 1235 470 1283 in
516 1250 567 1283 se
614 1234 794 1283 formet
840 1233 1220 1296 expectantium,
1269 1234 1402 1296 quod
1439 1234 1567 1282 nulli
1614 1234 1712 1283 alio
1762 1251 1821 1282 ex

130 1312 368 1373 quattuor
411 1311 644 1371 conpetat
690 1307 958 1357 elementis.
1022 1307 1307 1356 Tridentem
1353 1323 1472 1357 uero
1520 1307 1580 1356 ob
1627 1308 1720 1357 hac
1766 1325 1818 1356 re

129 1385 256 1434 ferre
287 1383 525 1448 pingitur,
557 1382 689 1446 quod
721 1398 965 1445 aquarum
995 1385 1176 1430 natura
1205 1381 1392 1445 triplici
1422 1381 1612 1430 uirtute
1644 1383 1821 1447 funga-
1846 1400 1888 1434 15

127 1462 227 1521 tur,
255 1453 273 1523 ΙΙ
300 1458 354 1506 id
377 1461 452 1506 est
485 1453 617 1522 (sit)
638 1456 845 1519 liquida,
876 1456 1104 1519 fecunda,
1135 1456 1384 1519 potabilis.
1438 1456 1568 1505 Huic
1601 1460 1650 1505 et
1674 1457 1806 1520 Nep-
1822 1468 1908 1511 631

128 1535 251 1582 tuno
282 1531 639 1595 Amphitritem
683 1531 737 1579 in
776 1531 1062 1595 coniugium
1105 1531 1348 1593 deputant
1380 1559 1448 1564 -
1482 1531 1651 1593 amphi
1690 1531 1821 1580 enim

130 1605 283 1656 Grece
314 1605 633 1656 circumcirca
663 1604 869 1654 dicimus
903 1632 971 1638 —
1006 1621 1062 1654 eo
1096 1605 1227 1668 quod
1259 1605 1486 1653 omnibus
1523 1605 1685 1654 tribus
1725 1607 1819 1654 ele-

127 1680 307 1730 mentis
347 1696 481 1743 aqua
520 1680 751 1729 conclusa
790 1678 875 1741 sit,
914 1679 966 1726 id
1006 1681 1081 1727 est
1120 1679 1185 1727 sit
1222 1679 1275 1727 in
1315 1680 1473 1742 caelo,
1512 1679 1579 1728 sit
1615 1679 1667 1727 in
1708 1696 1819 1728 aere

127 1755 180 1804 id
212 1757 287 1803 est
316 1755 370 1803 in
399 1754 629 1817 nubibus,
671 1757 720 1803 et
757 1753 810 1801 in
842 1755 990 1816 terra,
1030 1756 1089 1802 ut
1128 1756 1244 1802 sunt
1282 1754 1444 1803 fontes
1476 1755 1558 1802 uel
1588 1754 1743 1817 putei.
1781 1750 1786 1819 Ι
1843 1772 1887 1804 20

247 1946 272 1986 9
303 1955 394 1999 sqq.
419 1956 458 1986 v.
484 1940 715 1998 mythogr.
740 1939 848 1984 Vat.
873 1940 894 1984 Ι
921 1945 1003 1984 107
1049 1940 1091 1984 Π
1123 1945 1149 1984 9
1195 1940 1261 1984 III
1285 1945 1311 1984 5

248 2124 270 2163 1
303 2118 556 2176 feruescat]
594 2132 680 2176 per
710 2119 748 2162 it
778 2118 824 2162 P
856 2133 905 2176 p.
931 2121 1004 2173 41,
1029 2122 1058 2163 5
1149 2118 1366 2176 cypriano
1404 2119 1466 2163 M
1611 2122 1636 2161 2
1667 2117 1817 2162 hella-

127 2177 260 2224 nicus
292 2179 380 2247 Ηβ
479 2177 582 2223 dios
619 2191 680 2235 po
701 2177 823 2221 tihia
854 2178 1023 2222 RTM
1071 2177 1172 2222 dios
1211 2177 1396 2236 polthia
1427 2177 1485 2221 H
1526 2177 1628 2221 dios
1666 2177 1818 2235 poltia

128 2238 258 2283 Bem
312 2238 414 2283 dios
459 2236 579 2295 polti
629 2237 742 2281 ubia
779 2237 829 2281 D
883 2235 985 2281 dios
1031 2236 1294 2294 pholtiehia
1332 2238 1360 2296 β
1413 2234 1667 2298 πολυτοκίᾳ
1707 2237 1818 2283 Voss

128 2299 451 2358 πολυπτυχίᾳῖ
499 2297 632 2343 Sturz
684 2294 932 2354 πολιουχία
971 2296 1158 2342 Nicolai
1225 2294 1482 2357 πολυτυχίᾳ
1527 2297 1613 2341 edd
1646 2295 1817 2352 politia

128 2357 348 2415 Plasberg)
445 2361 472 2400 3
497 2355 806 2414 deprauatam
831 2372 865 2399 ω
898 2341 1204 2414 degrauatam
1222 2356 1275 2399 H
1280 2355 1296 2380 ²
1311 2355 1448 2412 Neap
1538 2360 1566 2399 4
1596 2356 1749 2415 uerR1
1765 2355 1822 2401 H

187 2420 214 2460 5
245 2414 533 2460 miscebatur
563 2415 620 2461 H
736 2419 791 2459 10
821 2413 1117 2472 posidoniam
1148 2414 1265 2459 MD
1309 2419 1351 2459 et
1381 2415 1475 2460 cod.
1509 2414 1554 2458 L
1595 2417 1813 2474 mythoyr.

137 2475 239 2521 Vat.
265 2476 359 2520 III
381 2476 534 2532 script.
559 2489 645 2519 rer.
668 2476 805 2532 myth.
831 2476 897 2519 ed.
921 2475 1049 2519 Bode
1064 2475 1130 2518 II
1151 2477 1242 2519 123
1271 2473 1577 2530 posidoneam
1593 2474 1655 2533 R,
1691 2475 1816 2532 posi-

89 2575 95 2583 .
128 2533 313 2579 donean
351 2534 416 2593 R,
472 2533 793 2602 possidoniam
833 2533 942 2578 HT
987 2532 1290 2591 possidonian
1322 2535 1349 2593 β
1498 2538 1550 2577 11
1583 2547 1678 2591 pon
1718 2534 1759 2578 Τ

130 2598 185 2638 13
217 2595 566 2651 expectantmm
595 2593 658 2653 R,
673 2594 735 2637 M
738 2593 795 2637 H
798 2594 925 2638 Bern
980 2591 1292 2650 spectantium
1322 2593 1435 2651 R2m
1468 2594 1525 2649 cf.
1556 2607 1606 2650 p.
1633 2597 1676 2650 5,
1697 2597 1757 2639 12

132 2656 189 2697 14
219 2653 421 2710 quatuor
451 2653 498 2698 R
601 2652 693 2697 hac
722 2666 771 2696 re
789 2653 834 2697 R
865 2652 986 2696 hanc
1011 2665 1060 2695 re
1079 2652 1121 2696 T
1148 2652 1237 2697 hoe
1258 2666 1307 2697 re
1332 2653 1395 2696 M
1403 2653 1459 2697 H
1495 2652 1616 2697 hanc
1647 2666 1746 2697 rem
1769 2653 1820 2697 E

127 2710 338 2758 hocDG
458 2716 512 2756 15
543 2711 767 2770 fugantur
797 2712 860 2770 R,
904 2712 953 2755 fu
990 2711 1178 2771 aturH¹
1214 2726 1282 2757 em
1304 2712 1370 2770 R,
1384 2712 1453 2771 H,
1595 2717 1648 2757 16
1682 2711 1815 2771 (sit)

128 2771 330 2830 intem-pos
345 2772 420 2817 He
449 2770 698 2829 portabilis
715 2771 761 2816 R
791 2770 958 2827 potabi
978 2769 995 2813 i
1018 2771 1068 2815 D
1141 2770 1270 2830 huic]
1300 2770 1410 2815 hinc
1435 2773 1463 2832 β
1586 2776 1639 2815 17
1672 2772 1813 2815 Amfi-

128 2829 293 2877 tricem
310 2830 367 2876 H
392 2830 569 2876 -tritem
592 2831 633 2875 T
661 2829 850 2874 -tridem
882 2831 939 2874 M
945 2830 1047 2875 DG
1078 2829 1490 2888 AmphitridemE
1583 2832 1693 2876 amfi
1709 2831 1815 2876 RD

1485 2994 1547 3036 2*
