1976 3120
160 73 232 126 88
823 73 1179 118 UIRGILIANA

79 150 124 182 M

155 201 219 248 ut
264 198 449 263 fug-iret
501 201 551 247 et
598 198 711 247 deos
767 214 916 261 quam
971 199 1265 261 sapientiam
1316 215 1420 248 esse
1467 201 1736 264 culpabiles
1782 203 1843 250 ut
1914 214 1922 222 ι

157 274 385 337 pericula
424 275 737 335 sustentaret,
775 273 917 320 illam
958 273 1278 322 nihilominus
1315 274 1538 323 Platonis
1585 274 1844 337 antiquam

157 348 415 396 firmantes
441 347 750 409 sententiam⁷
781 346 866 394 ubi
899 346 992 395 ait:
1031 353 1154 405 νοῦς
1185 345 1504 412 ἀνθρώπινος
1527 347 1665 408 θεός·
1700 342 1843 408 οὗτος

160 419 249 470 ἐὰν
282 419 489 488 ἀγαθός,
528 419 646 479 θεὸς
678 413 731 468 εὖ
763 416 1168 486 ἕρ<γαζό>μενος,
1206 422 1259 468 id
1290 424 1385 470 est:
1424 437 1592 471 sensus
1630 423 1872 476 hominisv'

74 507 166 548 145
178 496 298 544 deus
338 497 433 556 est3
471 496 515 543 is
555 495 595 543 si
641 495 798 542 bonus
833 490 839 558 Ι
875 497 969 557 est,
1017 494 1135 543 deus
1175 499 1250 544 est
1286 496 1549 558 propitius3
1579 492 1597 561 ΙΙ
1624 513 1741 545 113111
1780 499 1900 547 etn

123 587 144 619 e
170 569 450 619 Carneades
488 569 540 616 in
578 568 704 616 libro
744 568 995 617 Telesiaco
1034 569 1108 616 ita
1146 570 1239 617 ait:
1284 577 1416 618 πᾶσα
1452 569 1570 635 τύχη
1609 569 1844 633 αἴσθησιν
1936 620 1939 621 ⁷

94 660 99 664 ·
163 644 431 710 φρονίμοις
467 646 702 705 κατοικεῖ,
740 642 792 689 id
831 645 926 690 est:
966 643 1121 691 omnis
1159 643 1359 692 fortuna
1397 644 1449 691 in
1480 659 1624 692 sensu
1652 644 1847 693 habitat

146 718 421 780 ’sapientis
482 717 614 764 Nam
641 716 909 764 identidem
939 716 1048 765 ideo
1072 717 1310 766 uirtutem
1333 718 1547 780 primum
1570 718 1666 766 dici
1688 717 1845 766 uolui·
1916 730 1925 761 1

163 808 278 840 mus
319 794 369 839 et
408 792 476 839 sic
515 790 831 852 sapientiam,
880 790 1012 852 quod
1059 792 1283 853 quamuis
1330 792 1574 854 sapientia
1611 792 1848 840 uirtutem

96 883 142 915 10
163 868 322 930 regat,
361 867 527 912 tamen
566 865 619 911 in
655 864 842 912 uirtute
883 864 1074 912 animae
1113 865 1359 927 sapientia
1396 866 1550 913 floret.
1611 865 1847 914 Defectus

169 941 302 988 enim
340 939 541 986 uirtutis
583 938 809 1002 egritudo
851 941 924 986 est
970 939 1242 1000 sapientiae
1280 940 1372 988 hoc
1417 940 1650 988 uidelicet
1686 942 1847 1002 pacto⁷
1941 959 1951 963 ·

173 1014 294 1076 quia
343 1012 582 1075 quidquid
630 1012 901 1074 sapientiae
949 1014 1253 1062 consultatio
1303 1014 1547 1077 agendum
1591 1014 1848 1076 inuenerit,

172 1089 215 1136 si
257 1088 319 1135 ad
359 1086 722 1149 subrogandum
771 1101 914 1148 posse
952 1086 1110 1134 uirtus
1161 1087 1375 1149 deficiat,
1421 1090 1618 1136 curtata
1655 1088 1708 1134 in
1747 1087 1848 1136 suis

76 1174 172 1217 146
185 1161 439 1209 effectibus
472 1160 743 1222 sapientiae
767 1160 1024 1222 plenitudo
1047 1161 1297 1222 torpescit.
1358 1162 1488 1209 Nam
1519 1164 1575 1209 ut
1598 1161 1659 1208 ab
1685 1154 1848 1228 arlmis

99 1255 143 1288 15
164 1235 446 1297 inciperem,
487 1262 555 1267 —
589 1234 711 1282 sciui
752 1234 881 1282 enim
921 1234 1052 1296 quod
1081 1235 1181 1282 uiri
1219 1235 1515 1284 uocabulum
1554 1234 1848 1298 significatio

169 1325 315 1358 sexus
355 1309 441 1370 sit,
488 1324 586 1356 non
624 1308 845 1368 honoris3
900 1308 941 1355 si
979 1308 1075 1355 uiri
1120 1309 1334 1370 primum
1372 1325 1549 1358 nomen
1596 1324 1848 1370 ponerem:

161 1384 315 1432 multi
354 1383 452 1430 uiri
493 1378 510 1447 ΙΙ
547 1385 681 1444 sunt,
720 1398 819 1430 non
856 1384 1023 1429 tamen
1063 1398 1230 1431 omnes
1267 1383 1527 1443 laudandi3
1578 1398 1692 1446 ergo
1730 1382 1829 1430 uir-
1847 1389 1943 1431 746

172 1460 337 1505 tutem
375 1456 590 1518 primum
620 1456 777 1518 posui⁷
816 1472 904 1517 pro
937 1471 1036 1517 qua
1066 1457 1228 1503 uirum
1266 1457 1572 1504 laudandum
1602 1456 1853 1519 adsumpsi

174 1531 450 1579 Homerum
510 1530 745 1578 uidelicet
805 1532 1004 1577 secutus
1066 1530 1151 1592 qui
1211 1531 1304 1578 ait:
1368 1537 1517 1594 μῆνιν
1576 1527 1704 1578 ἄειδε
1756 1527 1851 1578 θεὰ

289 1647 314 1685 3
347 1655 408 1699 sq.
441 1656 481 1686 ν.
513 1641 705 1684 Hermes
751 1640 975 1697 Trismeg.
1018 1641 1088 1684 ed.
1121 1640 1325 1697 Parthey
1364 1655 1401 1685 0.
1437 1645 1505 1697 12,
1540 1646 1561 1684 1
1582 1654 1671 1696 sq.:
1719 1636 1853 1692 οὗτος

174 1699 226 1745 δὲ
261 1700 284 1744 ὃ
316 1707 426 1752 νοῦς
458 1700 508 1744 ἐν
541 1698 625 1756 μὲν
657 1700 930 1754 ἀνθρώποις
960 1699 1073 1750 θεός
1105 1699 1198 1743 ἐστι
1217 1735 1343 1744 .....
1377 1701 1452 1743 καὶ
1491 1699 1579 1756 γὰρ
1613 1699 1636 1743 ὁ
1669 1699 1854 1757 ἀγαθὸς

168 1757 439 1862 δαξιὸωὲοω.
460 1795 528 1861 Π.
548 1778 588 1860 31
608 1758 644 1861 ὃ1
665 1758 752 1815 γὰρ
792 1765 902 1809 νοῦς
939 1765 1104 1815 ψυχῶν
1137 1758 1259 1803 ἐστιν
1298 1757 1536 1815 εὐεργέτης
1566 1759 1848 1815 ἀνθρώπων.
1967 1729 1976 1826 Ξ

291 1927 313 1966 1
340 1921 514 1979 fugiret
530 1921 625 1965 PR
643 1921 686 1965 U
711 1920 894 1978 fugeret
910 1938 944 1965 ω
1026 1935 1171 1978 supra
1188 1921 1297 1964 deos
1322 1921 1455 1964 adscr
1469 1919 1620 1977 magis
1645 1920 1795 1965 UEG

170 1987 198 2025 2
224 1982 541 2026 substentaret
555 1981 601 2024 R
675 1981 794 2037 yloss
816 1980 1080 2035 frequenter
1105 1979 1354 2023 sustineret
1377 1981 1451 2038 Ue
1557 1984 1583 2022 3
1607 1993 1693 2022 nus
1719 1981 1854 2036 (nous

170 2041 271 2086 EL
301 2054 418 2084 naus
446 2040 506 2096 G)
532 2038 903 2096 antropinosteos
928 2038 1233 2095 (antropiteos
1266 2040 1327 2095 U)
1359 2041 1490 2082 utose
1517 2040 1851 2096 anagatosteos
1971 2083 1976 2095 ‚

170 2102 364 2156 (anaget
409 2100 583 2143 tosteos
615 2098 718 2157 Ββ)
762 2111 1060 2142 euuermenos
1093 2115 1127 2141 ω
1166 2112 1233 2142 em
1270 2098 1344 2142 He
1391 2097 1613 2153 εὐήμερος
1650 2098 1710 2142 Α.
1746 2098 1858 2142 Mai
1969 2097 1976 2148 ξ

173 2159 368 2216 εὐμενής
399 2159 453 2202 ed
485 2159 583 2202 Gen
732 2161 757 2200 6
788 2156 1116 2215 telesiacogita
1147 2156 1215 2200 ait
1245 2157 1345 2200 EL
1443 2170 1583 2213 pasce
1627 2158 1732 2212 tyce
1780 2157 1854 2199 est
1971 2150 1976 2157 '

171 2217 262 2262 iste
295 2219 413 2272 (aste
438 2217 495 2261 H
527 2216 608 2259 ille
632 2216 697 2272 D>
730 2215 1027 2260 simfroniuns
1068 2215 1402 2272 (simfroniuius
1426 2215 1513 2258 ΡΙ
1528 2216 1572 2260 U
1610 2213 1852 2272 3111111101ιί-
1973 2263 1976 2266 ,

171 2290 258 2319 uus
285 2277 341 2321 H
382 2275 679 2319 simfroniuus
703 2275 768 2331 D)
809 2275 948 2318 catici
980 2292 1011 2318 α
1055 2289 1194 2331 pasce
1232 2274 1325 2318 tice
1367 2274 1456 2317 iste
1497 2273 1856 2331 simphronuuus
1967 2273 1976 2335 Ἰ,

174 2335 458 2392 (simphrono
499 2349 563 2378 nu
605 2348 692 2378 uus
720 2334 778 2392 G)
822 2333 960 2378 catici
995 2335 1022 2393 β
1155 2339 1209 2377 12
1242 2332 1470 2389 quidquid
1490 2333 1586 2377 PR
1631 2331 1854 2389 quicquid
1973 2337 1976 2344 ’

178 2411 213 2438 ω
365 2393 594 2438 consultio
635 2394 692 2437 H
836 2392 1016 2437 inuenit
1053 2393 1112 2437 H
1162 2392 1394 2436 inueniret
1445 2395 1558 2448 (mut
1603 2391 1708 2448 -rit)
1754 2391 1798 2436 G

175 2457 232 2496 13
264 2452 454 2496 uirtutis
480 2453 524 2496 L
554 2452 704 2496 uirtus
728 2466 942 2510 suprascr
964 2452 1003 2495 ti
1027 2452 1071 2496 U
1186 2456 1241 2495 14
1273 2449 1517 2495 affectibus
1538 2451 1596 2494 H
1598 2452 1625 2509 β
1657 2448 1856 2507 aspecti-

173 2511 263 2555 bus
295 2513 442 2556 deterr
530 2511 635 2555 Non
668 2513 750 2555 aut
780 2511 840 2555 ab
873 2510 1012 2555 armis
1037 2510 1095 2555 H
1209 2514 1264 2553 16
1295 2509 1496 2554 honoris.
1558 2507 1680 2561 Quid
1708 2507 1860 2565 igitur

173 2569 378 2627 primum
415 2570 508 2613 nisi
547 2584 696 2626 arma,
738 2570 905 2614 deinde
944 2569 1096 2612 uirum
1133 2573 1379 2626 ponerem?
1426 2566 1565 2611 Multi
1603 2566 1726 2611 enim
1763 2565 1855 2609 uiri

175 2630 264 2673 edd
303 2642 472 2684 nomen
502 2629 702 2686 primum
732 2643 838 2685 pon.
864 2629 922 2672 H
955 2641 1124 2672 nomen
1144 2641 1251 2684 pon.
1275 2627 1407 2684 prim.
1433 2627 1512 2685 Ρβ
1631 2629 1685 2668 17
1716 2623 1856 2668 multi

175 2690 286 2731 sunt
315 2687 406 2730 uiri
435 2690 471 2731 Ι
596 2692 650 2730 18
682 2689 881 2744 primum
911 2686 1133 2730 uirtutem
1165 2687 1192 2745 β
1321 2690 1375 2728 19
1408 2687 1565 2729 emersi
1588 2684 1639 2728 Ε
1646 2684 1688 2729 G
1778 2697 1856 2728 ex-

178 2748 365 2791 secutus
388 2747 444 2790 H
486 2747 534 2790 et
564 2748 748 2790 secutus
780 2748 936 2803 (deleto
969 2746 1031 2802 et)
1055 2747 1090 2790 Ι
1101 2745 1145 2790 U
1186 2745 1234 2788 et
1263 2745 1446 2788 secutus
1479 2743 1579 2787 PR
1697 2742 1858 2786 111611111

177 2805 286 2850 aide
317 2807 396 2849 tea
433 2803 588 2862 peleia
618 2804 791 2861 (poleia
822 2805 937 2862 ΡΒ)
985 2805 1042 2848 de
1082 2803 1252 2848 acileos
1284 2802 1442 2860 (cileos
1467 2802 1543 2858 H)
1576 2818 1607 2845 α
1651 2800 1860 2845 memina

175 2863 255 2908 ide
287 2865 366 2908 tea
395 2863 552 2921 poleia
585 2863 641 2907 de
674 2863 846 2908 acileos
879 2866 905 2923 β
