1976 3120
216 846 452 910 Oportuit
491 846 703 909 quidem,
742 846 964 894 uirorum
995 843 1325 907 excellentior,
1362 843 1455 892 hoc
1484 843 1653 892 nostro
1687 858 1786 905 quo
1811 792 1862 824 H.

35 951 44 971 2
103 936 262 984 nuper
321 922 541 985 regimur
599 920 835 982 temporis
898 934 1044 967 cursu
1097 918 1302 981 perenni
1360 916 1530 980 potius
1591 917 1787 965 studere

104 995 300 1045 silentio
348 998 398 1044 et
434 1012 533 1045 non
572 994 767 1044 dicendi
804 993 990 1055 studio,
1036 993 1328 1055 praesertim
1373 991 1461 1040 ubi
1505 990 1630 1038 nihil
1674 991 1787 1053 plus

103 1069 201 1118 nisi
247 1071 305 1118 de
351 1069 542 1118 nummi
588 1071 800 1132 quaestu
836 1084 914 1116 res
953 1067 1171 1115 uertitur
1209 1069 1259 1115 et
1302 1065 1625 1128 conquirendi
1660 1064 1790 1114 lucri

102 1144 333 1207 perennis
379 1144 660 1193 sollicitudo
707 1142 887 1192 cotidie
933 1141 1181 1190 mentibus
1232 1142 1552 1203 suppuretur3
1607 1139 1786 1202 cupido
1811 1155 1832 1189 5

103 1219 287 1267 etenim
325 1218 490 1267 sensui
526 1235 626 1268 non
663 1233 822 1266 sermo
862 1216 1068 1264 dicentis
1108 1215 1362 1277 comptior,
1409 1214 1495 1263 sed
1538 1213 1787 1262 offerentis

106 1294 181 1341 est
219 1292 421 1342 dulcior.
498 1293 558 1340 In
594 1292 670 1341 his
709 1307 809 1340 non
846 1291 1107 1354 lugentum
1152 1291 1316 1338 luctus
1353 1289 1649 1351 intenditur,
1688 1303 1789 1336 non

0 1382 5 1389 ²
101 1366 395 1416 miserorum
435 1362 442 1431 Ι
483 1367 697 1430 gemitus
752 1365 1059 1426 condoletur,
1121 1363 1206 1412 sed
1267 1363 1417 1412 solius
1479 1362 1783 1426 colligendae
1799 1372 1832 1414 2

101 1440 341 1503 pecuniae
373 1441 626 1490 commodo
657 1456 843 1503 pernox
874 1442 1130 1501 compotus
1162 1438 1379 1499 ducitur3
1419 1437 1626 1500 cupidae
1658 1435 1789 1484 enim

100 1515 256 1563 menti
307 1515 366 1563 fit
412 1517 463 1563 et
506 1531 602 1563 uox
646 1514 862 1562 humilis.
954 1514 1022 1562 Et
1067 1513 1229 1575 crede,
1282 1513 1409 1560 teste
1463 1512 1569 1561 Deo
1615 1512 1784 1560 nostro
1809 1527 1853 1559 ιο

99 1589 348 1651 confiteor,
378 1588 521 1638 uolui
549 1591 693 1637 tuum
722 1588 775 1635 in
805 1587 881 1636 his
906 1587 1154 1650 opusculis
1184 1588 1505 1649 praeceptum
1535 1600 1786 1648 spernere,

100 1662 198 1712 nisi
249 1663 342 1713 hoc
393 1678 502 1711 meo
555 1662 840 1711 indixissem
892 1661 1111 1725 ingeniO,
1164 1664 1254 1709 tuo
1309 1660 1447 1709 nullo
1502 1659 1648 1709 modo
1709 1658 1783 1706 in-

102 1737 332 1786 obediens
364 1736 579 1785 inueniri
608 1736 831 1800 imperio.
892 1736 1014 1784 Esto
1047 1752 1162 1799 ergo
1195 1736 1456 1784 contentus
1486 1733 1603 1782 huic
1635 1732 1786 1795 oneri,

0 1852 6 1856 .
106 1811 240 1874 quod
290 1811 386 1860 tibi
436 1811 711 1860 florulentis
763 1809 1017 1859 Pieridum
1068 1809 1400 1872 decerpsimus
1461 1807 1673 1856 hortulis
1737 1810 1787 1855 et

0 1878 3 1880 ’
34 1949 35 1953 ¹
103 1885 232 1934 sicut
261 1885 520 1934 Euristeus
558 1885 680 1933 mihi
716 1884 996 1947 inponendo
1035 1883 1203 1933 sudori
1232 1883 1476 1931 Herculeo
1507 1880 1784 1945 praefuisti.
1811 1897 1853 1931 15

105 1958 185 2008 Sic
225 1976 422 2023 quoque
459 1959 640 2009 nostris
680 1959 931 2022 opusculis
975 1958 1198 2006 intentus
1240 1972 1540 2020 quaesumus
1586 1955 1786 2004 incubes

33 2046 35 2053 ·
102 2034 278 2096 lector,
323 2036 401 2097 ut,
447 2034 490 2082 si
529 2061 597 2068 —
640 2033 774 2096 quod
818 2032 1018 2081 minime
1062 2034 1188 2095 puto
1228 2059 1297 2065 —-
1334 2031 1617 2079 iniunctum
1663 2045 1785 2092 opus

3 2100 5 2105 ¹
36 2131 37 2134 ¹
102 2110 192 2157 tuo
223 2123 323 2156 non
355 2108 663 2170 displicuerit
691 2107 958 2172 legendum
987 2106 1186 2168 iudicio,
1224 2107 1472 2169 poeticum
1507 2104 1625 2152 felix
1656 2103 1788 2168 gessi

103 2182 379 2245 negotium,
433 2182 510 2230 sin
563 2197 682 2230 uero
730 2181 935 2230 obscuro
982 2180 1226 2228 stultitiae
1274 2180 1446 2228 nubilo
1491 2178 1787 2227 tenebrescit

102 2255 384 2304 inconditus
431 2271 611 2317 sermo,
656 2256 710 2303 in
757 2255 945 2303 silentii
991 2254 1202 2302 cinerem
1247 2254 1471 2316 sepultae
1509 2253 1786 2316 migrentur
1809 2269 1853 2302 20

102 2345 298 2378 necesse
337 2332 412 2378 est
449 2332 526 2378 tot
562 2331 792 2378 lucernae
830 2328 1097 2393 per-uigiles
1136 2330 1187 2376 et
1227 2327 1331 2376 sine
1371 2327 1549 2376 effectu
1585 2326 1784 2376 honoris

222 2504 248 2543 2
294 2513 489 2544 excursu
520 2499 598 2544 Ho
737 2504 762 2543 3
808 2498 955 2544 nichil
982 2499 1068 2544 ΒΤ
1206 2502 1235 2541 4
1281 2483 1354 2543 10⁸
1386 2499 1502 2555 (azia
1532 2513 1576 2543 m
1607 2482 1645 2555 ει)
1675 2498 1717 2542 Τ

104 2563 131 2603 5
155 2558 365 2615 quotidie
383 2558 420 2604 S
497 2562 687 2616 suppo-li
707 2559 749 2603 Τ
777 2560 1052 2617 supputetur
1077 2575 1111 2602 ω
1144 2559 1423 2614 supputetur
1439 2558 1514 2602 He
1607 2562 1633 2602 6
1658 2555 1784 2601 enim

104 2617 140 2663 S
225 2617 459 2663 offerentis
485 2617 755 2678 <manus>?
780 2619 852 2663 He
965 2622 989 2660 7
1021 2616 1283 2676 lugentium
1314 2618 1356 2662 T
1463 2621 1488 2661 9
1522 2615 1783 2675 commodo]

104 2690 288 2733 quoquo
318 2678 456 2722 modo
490 2677 535 2722 V
631 2679 872 2735 compotus
895 2678 938 2722 h.
963 2692 998 2722 e.
1023 2682 1257 2733 computus
1389 2681 1444 2720 10
1475 2676 1622 2720 menti
1653 2675 1785 2720 fabet

0 2715 3 2718 ,
41 2741 43 2745 ’
104 2748 195 2779 uox
228 2737 272 2782 V
378 2741 431 2780 11
463 2735 719 2781 noluissem
742 2737 778 2782 S
889 2741 942 2780 13
975 2736 1053 2794 opi
1083 2737 1123 2780 T
1161 2735 1324 2781 honeri
1348 2736 1384 2782 S
1494 2740 1550 2779 14
1580 2735 1677 2780 flor.
1705 2734 1782 2779 de-

105 2807 249 2852 cerps.
290 2795 410 2840 hort.
441 2795 607 2852 pierid.
632 2796 670 2842 S
785 2800 846 2840 15-
871 2795 1146 2840 Euristheus
1172 2795 1215 2839 V
1332 2800 1387 2840 16
1419 2809 1563 2851 queso
1587 2795 1632 2840 V
1656 2798 1717 2851 ᾆῑ
1749 2794 1791 2838 T

165 2855 224 2921 12}
251 2853 365 2957 felix,
387 2869 465 2959 ἔπι
488 2854 525 2900 S
618 2854 737 2900 cessi
761 2855 806 2901 V
934 2859 991 2899 20
1023 2854 1244 2899 silentum
1275 2855 1311 2895 V
1406 2854 1618 2913 sepultae
1649 2867 1719 2900 om
1748 2853 1792 2898 T

162 2926 343 2970 migren

191 2995 453 3029 Facturus
479 2996 536 3029 ed.
560 2997 599 3028 H
608 3006 627 3030 e
637 2997 708 3029 lm.
1488 2991 1513 3031 9
