1976 3120
276 83 383 127 XVI
945 83 1283 130 PRAEFATIO

386 208 446 256 In
476 207 783 256 recensendis
815 209 1038 257 omnibus
1070 209 1208 258 libris
1239 209 1578 273 Fulgentianis
1610 226 1719 259 eam
1749 211 1951 260 adhibui

278 282 578 343 cautionem,
624 284 680 330 ut
727 282 971 331 codicibus
1020 298 1170 344 quam
1214 283 1424 330 maxime
1468 284 1723 333 nitendum
1760 301 1863 335 esse
1901 289 1952 334 et

276 357 373 406 nisi
410 359 598 404 certum
635 355 906 404 subsidium
937 357 1101 404 afferri
1131 358 1311 418 posset,
1352 372 1519 405 eorum
1556 357 1790 408 lectiones
1826 360 1950 408 inte-

277 446 390 493 gras
438 445 540 479 esse
586 430 931 492 relinquendas
970 432 1216 492 putarem,
1264 447 1324 477 ne
1370 431 1481 479 aliis
1522 432 1607 493 qui
1648 432 1729 480 uel
1766 433 1958 482 maiore

275 503 472 567 ingenio
497 505 726 552 instructi
756 504 836 551 uel
866 503 1024 567 magis
1049 503 1210 552 adiuti
1239 504 1438 552 fortuna
1463 504 1526 552 ad
1551 505 1680 553 hunc
1703 508 1952 558 auctorem

276 579 517 626 accessuri
540 580 716 639 essent,
732 577 1057 639 deprauatum
1081 580 1130 625 et
1151 578 1356 626 maculis
1379 578 1676 640 turpissimis
1700 594 1952 642 aspersum

275 651 532 700 traderem.
589 651 664 699 Ne
697 652 1000 699 coniecturas
1034 651 1231 713 quidem
1261 652 1481 699 uirorum
1503 651 1757 700 doctorum
1781 668 1950 716 quam-

278 741 427 788 quam
470 740 656 788 paucae
695 727 811 774 sunt
853 740 1053 772 numero
1093 727 1150 772 ut
1186 725 1238 771 in
1284 726 1520 787 scriptore
1561 726 1826 776 iniucundo
1866 727 1952 789 qui

275 799 537 847 uidebatur
567 815 732 848 omnes
766 799 1157 860 commemoraui,
1189 799 1309 861 quia
1337 799 1601 861 pleraeque
1631 815 1790 862 neque
1820 799 1950 849 codi-

278 873 412 922 cibus
466 873 666 935 optimis
719 873 952 935 inspectis
1006 889 1165 935 neque
1219 888 1394 936 genere
1441 873 1633 921 dicendi
1687 865 1827 936 quod*
1866 873 1951 922 ad-

276 947 413 995 hibet
434 946 723 1011 Fulgentius
755 947 875 995 satis
909 947 1103 1009 cognito
1135 949 1315 994 temere
1345 947 1569 1009 prolatae
1594 947 1734 1009 quasi
1765 947 1951 996 nullius

191 1020 517 1078 []momenti
571 1023 696 1068 sunt.
789 1018 921 1076 Quae
975 1036 1074 1067 non
1128 1021 1350 1069 omnibus
1404 1021 1588 1068 tradita
1643 1023 1760 1070 sunt
1812 1021 1952 1069 libris

279 1109 580 1157 quamquam
610 1094 941 1156 Fulgentiana
981 1109 1084 1142 esse
1123 1097 1331 1156 possunt
1369 1097 1456 1141 aut
1494 1110 1619 1156 quae
1650 1110 1953 1159 quamquam

279 1168 503 1216 omnibus
549 1167 735 1215 tradita
782 1170 896 1215 sunt
939 1168 1156 1215 insiticia
1196 1170 1245 1215 et
1283 1167 1488 1215 delenda
1526 1167 1767 1229 iudicaui,
1799 1168 1950 1232 suncis

279 1242 532 1304 quadratis
578 1241 768 1289 inclusa
814 1243 981 1289 tamen
1022 1242 1074 1288 in
1111 1244 1251 1289 textu
1287 1242 1479 1303 reliqui.
1555 1241 1795 1290 Auctores
1833 1257 1953 1290 non-

278 1316 442 1363 nullos
494 1315 624 1362 infra
675 1315 926 1377 Fulgentii
986 1315 1136 1362 uerba
1188 1315 1382 1376 notaui,
1443 1315 1546 1363 siue
1601 1315 1718 1377 quia
1771 1331 1829 1363 ex
1882 1315 1952 1364 eis

279 1390 476 1436 haurire
521 1388 686 1450 potuit
731 1389 940 1450 scriptor
984 1388 1066 1436 uel
1110 1389 1295 1450 hausit,
1343 1389 1446 1437 siue
1494 1389 1610 1451 quia
1657 1388 1847 1450 aliquid
1891 1389 1955 1436 ad

280 1462 622 1524 explicandum
682 1464 732 1509 et
790 1462 1215 1525 interpretandum
1275 1462 1498 1510 afferunt.
1589 1462 1648 1509 In
1707 1464 1954 1524 apparatu

280 1537 448 1585 critico
494 1536 761 1583 maximam
805 1536 1031 1598 appetiui
1074 1535 1388 1597 breuitatem,
1439 1538 1499 1583 ut
1543 1551 1689 1597 saepe
1735 1535 1952 1598 syllabas

279 1610 409 1658 solas
448 1625 575 1671 quae
615 1608 846 1656 differunt
884 1625 914 1657 a
951 1609 1160 1657 lectione
1198 1609 1507 1656 antecedenti
1545 1609 1789 1670 afferrem3
1827 1624 1953 1670 quae

207 1684 421 1747 ()uncis
467 1682 691 1731 rotundis
737 1683 928 1731 inclusa
973 1683 1138 1746 sigillo
1188 1682 1366 1731 codicis
1413 1682 1602 1743 addidi,
1655 1698 1846 1744 semper
1891 1682 1955 1733 ad

280 1773 391 1805 eum
423 1757 508 1819 qui
538 1757 756 1818 proxime
795 1752 1041 1804 antecedit
1077 1755 1258 1803 librum
1287 1756 1549 1818 pertinent,
1580 1756 1677 1804 nisi
1706 1756 1954 1818 particula

283 1826 371 1878 ‘et'
416 1830 709 1891 interposita
754 1830 818 1877 ad
861 1830 1027 1892 plures
1075 1845 1133 1877 ea
1178 1832 1397 1891 spectare
1443 1829 1594 1876 1101111.
1671 1827 1806 1886 Quae
1846 1830 1953 1891 ipse

187 1903 261 1948 He
285 1906 372 1952 aut
411 1904 668 1952 emendaui
706 1906 793 1951 aut
830 1903 1029 1964 conieci,
1066 1902 1245 1950 litteris
1283 1903 1377 1963 He,
1416 1918 1540 1964 quae
1578 1902 1863 1951 Hommeius
1901 1904 1955 1955 in

183 1977 261 2022 Ho
284 1977 422 2026 libris
477 1977 534 2025 de
588 1979 681 2024 aet.
735 1994 797 2024 m.
846 1979 896 2024 et
938 1977 985 2024 h.
1040 1976 1357 2038 excogitauit,
1410 1975 1589 2024 litteris
1638 1976 1719 2024 Ηο
1773 1976 1952 2025 additis

188 2059 261 2103 Ro
285 2051 581 2115 significaui3
613 2051 688 2098 Ro
720 2053 768 2098 et
802 2049 883 2099 θα
912 2051 964 2097 111
994 2050 1492 2098 commentatiuncula
1522 2065 1651 2111 quae
1682 2052 1756 2098 est
1787 2044 1955 2112 ‘super

191 2132 267 2177 θα
290 2119 587 2173 Thebaiden'
605 2124 873 2173 Rossbachi
897 2125 984 2171 aut
1004 2122 1369 2171 Gundermanni
1390 2123 1679 2171 coniecturis
1703 2123 1954 2185 adscripsi.

390 2199 566 2246 Restat
603 2200 662 2245 ut
699 2197 886 2261 gratias
919 2213 1065 2260 agam
1097 2197 1317 2245 omnibus
1351 2196 1436 2258 qui
1467 2212 1774 2258 quocumque
1806 2196 1952 2245 modo

281 2288 358 2320 me
404 2273 456 2318 in
499 2272 591 2320 hoc
637 2287 782 2333 opere
821 2270 1115 2318 conficiendo
1155 2270 1476 2331 adiuuerunt,
1522 2270 1626 2317 siue
1665 2270 1950 2318 collationes

281 2346 402 2393 mihi
447 2345 803 2406 praebuerunt,
850 2345 953 2392 siue
1000 2359 1096 2406 quo
1142 2344 1248 2391 loco
1294 2343 1481 2391 incerta
1527 2342 1648 2390 mihi
1692 2343 1953 2391 uidebatur

281 2420 365 2467 uel
402 2435 513 2466 mea
551 2418 749 2466 collatio
789 2419 869 2465 uel
914 2417 1076 2466 aliena
1114 2417 1172 2464 de
1215 2432 1270 2464 eo
1308 2433 1385 2464 me
1425 2416 1681 2464 certiorem
1717 2417 1952 2477 fecerunt,

284 2493 387 2540 siue
448 2491 655 2553 denique
715 2492 943 2554 plagulas
998 2490 1307 2554 corrigendas
1361 2492 1688 2552 susceperunt.
1777 2489 1949 2551 Neque

282 2565 443 2612 minus
473 2565 882 2613 bibliothecarum
919 2565 1190 2627 praefectos
1223 2579 1334 2611 cum
1364 2566 1643 2611 nostrarum
1671 2564 1781 2610 tum
1810 2562 1949 2610 Itali-

284 2654 463 2701 carum,
504 2654 614 2685 cum
651 2638 873 2686 omnibus
913 2639 965 2685 in
1001 2654 1078 2685 me
1116 2639 1373 2685 uterentur
1411 2637 1604 2697 officiis,
1644 2651 1835 2684 summa
1871 2651 1949 2683 me

283 2712 626 2760 beneuolentia
666 2711 980 2760 obstrinxisse
1020 2710 1262 2760 confiteor.

397 2800 580 2862 Scripsi
626 2800 846 2848 Berolini
897 2815 1061 2848 mense
1115 2798 1378 2860 septembri
1428 2813 1471 2844 a.
1509 2795 1950 2846 MDOOOXOVHI.
