1976 3120
29 0 74 42 '³7

852 135 1032 181 LIBER
1061 135 1126 179 III
1763 133 1832 186 69

72 219 125 255 11.
1856 208 1908 242 St.

147 271 235 318 aut
272 283 303 315 a
339 265 553 329 propriis
593 265 901 313 exularemus
941 262 1115 312 officiis
1155 263 1243 310 aut
1281 259 1458 308 alienis
1498 259 1835 308 addiceremus

0 342 4 398 s
58 335 401 409 117negoltiis.
466 339 561 388 Sed
594 340 711 387 dum
749 339 791 387 is
831 339 918 401 qui
948 339 1074 386 hanc
1104 335 1327 385 fabulam
1363 335 1544 398 legerit
1580 334 1632 382 in
1663 336 1838 382 nostra

146 417 267 465 haec
314 418 540 463 transeat
585 413 797 462 sciturus
846 413 965 476 quid
1020 411 1114 460 sibi
1162 411 1363 459 illorum
1408 408 1605 457 falsitas
1654 409 1836 456 sentire

146 490 382 540 uoluerit:
424 489 692 538 Ciuitatem
730 490 1004 551 posuerunt
1042 486 1185 549 quasi
1223 485 1275 532 in
1314 484 1516 532 modum
1553 483 1746 544 mundi,
1784 482 1838 530 in

147 581 246 629 qua
275 581 443 628 regem
476 567 526 612 et
556 556 795 630 reffginam
818 563 959 610 uelut
989 561 1135 609 deum
1167 562 1217 608 et
1239 559 1502 607 materiam
1533 559 1816 620 posuerunt.
1835 566 1927 608 719

148 638 334 697 Quibus
380 641 481 686 tres
528 637 656 686 filias
703 637 914 698 addunt,
968 636 1021 683 id
1069 637 1144 684 est
1197 650 1409 695 carnem,
1463 633 1839 681 ultronietatem
1864 649 1883 679 6

148 729 300 777 quam
337 713 621 761 libertatem
660 711 855 759 arbitrii
895 710 1102 759 dicimus
1143 711 1194 757 εὴ
1229 709 1458 757 animam.
1527 707 1668 756 Psice
1709 705 1841 754 enim

150 787 302 837 Grece
342 788 509 835 anima
540 780 735 848 dicitur,
776 801 929 848 quam
958 784 1071 833 ideo
1110 783 1356 832 iuniorem
1387 783 1666 844 uoluerunt,
1706 781 1841 844 quod

149 861 342 925 corpori
380 862 481 909 iam
524 861 658 910 facto
696 863 873 923 postea
917 860 1130 907 inditam
1177 874 1281 906 esse
1332 857 1550 906 animam
1589 855 1840 916 dicebant3

146 937 273 986 hanc
311 936 468 1000 igitur
497 935 608 985 ideo
640 935 987 998 pulchriorem,
1028 933 1160 996 quod
1197 935 1247 981 et
1285 948 1315 980 a
1354 932 1586 982 libertate
1619 930 1843 993 superior
1867 945 1909 977 10

150 1014 200 1060 et
238 1027 268 1059 a
307 1027 452 1059 carne
492 1010 718 1058 nobilior.
780 1009 912 1057 Huic
942 1009 1138 1056 inuidet
1168 1007 1337 1055 Uenus
1379 1007 1524 1069 quasi
1561 1005 1737 1066 libido3
1780 1005 1843 1052 ad

150 1101 301 1149 quam
345 1085 646 1147 perdendam
694 1083 1022 1146 cupiditatem
1067 1082 1246 1142 mittit3
1303 1081 1388 1129 sed
1439 1081 1557 1143 quia
1596 1078 1844 1143 cupiditas

151 1163 228 1208 est
263 1160 403 1221 boni,
452 1162 526 1207 est
564 1159 706 1221 mali,
758 1158 1003 1220 cupiditas
1051 1157 1269 1205 animam
1318 1155 1485 1220 diligit
1532 1158 1582 1203 et
1621 1155 1665 1202 ei
1704 1155 1846 1202 uelut

62 1245 156 1288 :118
169 1234 221 1282 in
253 1234 595 1282 coniunctione
627 1234 882 1295 miscetur,
916 1248 1066 1294 quam
1089 1224 1371 1299 perlsuadet
1401 1246 1462 1278 ne
1495 1245 1636 1278 suam
1666 1229 1846 1277 faciem

151 1308 335 1370 uideat,
374 1308 425 1355 id
465 1310 539 1356 est
578 1306 866 1369 cupiditatis
917 1306 1281 1354 delectamenta
1319 1305 1478 1353 discat
1518 1332 1586 1337 —
1626 1304 1756 1351 unde
1796 1305 1846 1350 et
1869 1316 1913 1349 15

152 1382 316 1430 Adam
356 1382 585 1444 quamuis
622 1382 793 1429 uideat
822 1381 1010 1428 nudum
1050 1396 1099 1428 se
1132 1396 1232 1428 non
1262 1379 1417 1440 uidet,
1456 1379 1611 1427 donec
1642 1378 1701 1426 de
1734 1394 1847 1426 con-

155 1457 488 1520 cupiscentiae
529 1456 702 1505 arbore
743 1455 970 1504 comedat
995 1482 1063 1488 —
1089 1471 1213 1502 neue
1254 1453 1355 1502 suis
1387 1453 1650 1514 sororibus,
1689 1452 1742 1500 id
1773 1455 1849 1500 est

155 1531 290 1579 carni
331 1534 381 1579 et
417 1530 660 1592 libertati,
713 1530 772 1578 de
813 1545 929 1578 suae
969 1529 1157 1578 formae
1197 1528 1486 1577 curiositate
1525 1527 1850 1590 perdiscenda

159 1605 457 1667 consentiat3
499 1605 583 1653 sed
620 1604 822 1652 illarum
855 1604 1260 1666 conpulsamento
1291 1602 1559 1665 perterrita
1594 1602 1849 1650 lucernam

150 1679 303 1728 desub
349 1679 514 1727 modio
562 1679 697 1741 eicit,
748 1678 801 1726 id
847 1682 923 1726 est
969 1677 1201 1726 desiderii
1249 1677 1502 1725 flammam
1548 1677 1600 1724 in
1644 1678 1843 1738 pectore
1873 1690 1916 1721 20

152 1753 442 1803 absconsam
473 1753 676 1815 depalat
698 1753 957 1815 uisamque
987 1752 1160 1801 taliter
1191 1751 1384 1800 dulcem
1417 1753 1554 1799 amat
1585 1767 1642 1798 ac
1666 1750 1846 1814 diligit.

155 1827 314 1886 Quam
357 1827 469 1876 ideo
514 1828 744 1876 lucernae
799 1827 1089 1876 ebullitione
1145 1826 1327 1874 dicitur
1377 1825 1676 1887 incendisse,
1732 1825 1850 1888 quia

156 1902 314 1951 omnis
360 1901 605 1964 cupiditas
653 1905 895 1964 quantum
938 1898 955 1966 ΙΙ
999 1901 1225 1965 diligitur
1277 1903 1477 1949 tantum
1522 1900 1738 1948 ardescit
1781 1902 1831 1947 et
1844 1906 1940 1951 720

157 1976 482 2040 peccatricem
536 1992 652 2025 suae
715 1976 853 2024 carni
910 1975 1112 2040 configit
1172 1976 1433 2023 maculam.
1510 1975 1644 2039 Ergo
1707 1973 1852 2036 quasi

159 2050 430 2113 cupiditate
469 2051 658 2099 nudata
698 2053 748 2098 et
785 2051 979 2112 potenti
1019 2051 1221 2099 fortuna
1259 2050 1489 2113 priuatur
1528 2051 1579 2097 et
1615 2048 1849 2111 periculis
1875 2062 1917 2095 25

156 2125 376 2174 iactatur
415 2128 466 2173 et
502 2125 641 2189 regia
681 2125 824 2173 domo
865 2125 1141 2187 expellitur.
1213 2123 1310 2172 Sed
1347 2140 1452 2185 nos,
1491 2123 1610 2185 quia
1646 2124 1852 2187 longum

160 2202 237 2248 est
280 2202 338 2247 ut
382 2199 483 2246 dixi
538 2199 705 2247 omnia
750 2199 1001 2261 persequi,
1054 2202 1277 2247 tenorem
1323 2198 1547 2246 dedimus
1593 2197 1851 2245 sentiendi.

163 2272 217 2321 Si
263 2273 372 2336 quis
418 2289 536 2321 uero
583 2274 636 2321 in
681 2273 894 2335 Apuleio
948 2273 1110 2335 ipsam
1160 2272 1382 2320 fabulam
1427 2272 1626 2335 legerit,
1681 2274 1852 2320 nostra

281 2420 303 2458 1
339 2416 422 2458 aut
459 2420 563 2460 ante
594 2429 622 2458 a
653 2428 724 2460 om
757 2415 783 2473 β
883 2427 911 2457 a
941 2428 1011 2458 om
1036 2414 1082 2457 P
1175 2413 1413 2457 exularem
1442 2414 1483 2457 T
1510 2415 1642 2470 (spat.
1669 2418 1775 2470 post
1804 2427 1851 2456 m

160 2475 276 2531 vac.)
368 2472 476 2518 aliis
500 2473 609 2518 HD
714 2478 739 2516 2
770 2473 812 2517 is
838 2473 949 2517 dum
972 2473 1022 2517 D
1114 2473 1245 2531 dum]
1277 2487 1347 2517 om
1372 2473 1422 2517 E
1447 2474 1608 2517 tamen
1628 2473 1854 2519 Mwncker

160 2532 236 2577 his
259 2533 367 2577 PH
374 2534 437 2578 M
528 2538 557 2577 4
589 2532 725 2589 quasi
748 2547 818 2578 om
841 2533 928 2592 Dp
1018 2531 1209 2576 modum
1231 2533 1266 2575 Ι
1268 2532 1329 2575 Μ
1332 2533 1359 2591 β
1371 2532 1440 2590 H,
1454 2532 1520 2590 D²
1537 2533 1592 2591 T,
1626 2532 1854 2576 mundum

161 2609 198 2637 ω
314 2597 338 2636 7
368 2591 514 2650 pisice
538 2593 586 2637 R
631 2591 784 2649 psichi
807 2592 857 2637 D
898 2591 1076 2649 persice
1101 2591 1172 2650 1!AE1
1255 2590 1381 2636 siche
1406 2593 1517 2651 βΜ2
1630 2596 1655 2635 9
1687 2593 1854 2650 postea

162 2665 234 2697 om
259 2652 302 2698 G
424 2656 480 2696 10
511 2651 624 2708 quia.
655 2653 682 2711 β
827 2657 880 2695 12
914 2650 1181 2709 cupidinem
1256 2652 1404 2696 deterr
1527 2656 1581 2695 13
1615 2653 1687 2696 est
1716 2651 1853 2710 mali]

164 2712 212 2755 et
255 2710 371 2755 mali
410 2712 465 2757 H
472 2712 500 2771 β
635 2710 679 2756 ei
710 2725 781 2756 om
812 2712 862 2755 E
1010 2714 1064 2754 15
1101 2709 1290 2754 uideam
1314 2711 1410 2756 PR
1564 2715 1616 2754 17
1651 2710 1855 2755 comedit

163 2769 371 2815 IMDE
495 2774 551 2814 20
591 2770 731 2815 eiecit
754 2771 811 2814 H
927 2775 978 2814 21
1023 2768 1218 2827 depalat
1254 2784 1324 2815 om
1352 2771 1415 2814 M
1530 2775 1584 2814 23
1626 2769 1831 2814 ardescit

165 2829 380 2874 accendit
477 2829 692 2874 ascendit
713 2830 764 2874 D
885 2835 941 2874 25
972 2829 1173 2888 nudata]
1196 2830 1379 2873 motata
1402 2831 1531 2875 Bern
1620 2771 1852 2888 priuatur]

164 2887 368 2947 nudatur
465 2889 643 2933 eruitur
665 2890 813 2935 detero·
955 2894 1010 2932 28
1043 2888 1211 2945 apuleo
1232 2889 1373 2934 PRI
1380 2890 1422 2933 T
1449 2890 1542 2946 (sed
1572 2889 1590 2932 i
1620 2892 1853 2948 suprascr)

223 2948 440 2992 nostrae?
472 2947 546 2993 He
650 2950 838 2993 nostrae
863 2975 919 2981 —
943 2947 1169 2992 materiae
1194 2952 1218 2991 1
1246 2948 1438 2995 Modius
