1976 3120
151 93 223 146 20
756 93 1228 139 MITOLOGIARUM

71 170 135 206 vM.
1855 174 1910 209 St.

73 231 134 273 38
616 220 675 268 V.
730 220 959 268 Fabula
998 220 1063 267 de
1102 220 1372 269 Plutone.

262 322 507 380 Quartum
553 323 704 371 etiam
742 324 1010 373 Plutonem
1055 324 1227 372 dicunt
1274 327 1520 373 terrarum
1557 327 1837 388 praesulem

151 426 220 431 —
260 399 427 460 plutos
482 397 613 445 enim
668 396 820 446 Grece
875 398 1083 446 diuitiae
1137 398 1370 447 dicuntur
1407 427 1477 432 —
1520 400 1637 449 solis
1689 401 1835 449 terris
1889 460 1891 462 Ι

153 472 404 521 credentes
453 471 656 520 diuitias
698 472 940 533 deputari.
1010 472 1157 521 Hunc
1195 473 1348 521 etiam
1384 473 1600 522 tenebris
1640 474 1836 523 abdica·
1894 482 1897 484 ’

107 565 127 597 5
150 550 258 595 tum
303 547 552 608 dixerunt,
601 546 733 608 quod
779 546 885 594 sola
922 549 1084 594 terrae
1134 547 1345 595 materia
1392 547 1458 595 sit
1504 549 1690 598 cunctis
1739 549 1834 597 ele-

101 668 106 672 ,
149 621 328 669 mentis
369 620 632 669 obscurior.
705 619 965 681 Sceptrum
998 636 1194 683 quoque
1232 621 1285 668 in
1315 636 1467 669 manu
1506 624 1671 685 gestat
1701 623 1838 685 quod

150 711 305 759 regna
343 695 460 743 solis
501 696 771 756 conpetant
808 694 968 742 terris.
1004 690 1010 758 Ι
1073 690 1091 759 ΙΙ

79 855 139 897 39
555 842 639 889 VI.
695 842 924 890 Fabula
963 842 1028 890 de
1068 843 1432 891 Tricerbero.
1834 855 1926 898 632

263 945 604 994 Tricerberum
642 962 759 994 uero
800 961 971 994 canem
1008 946 1114 994 eius
1154 946 1402 995 subiciunt
1439 947 1661 1009 pedibus,
1702 946 1836 1009 quod

86 1041 130 1072 10
152 1021 438 1070 mortalium
467 1020 743 1083 iurgiorum
780 1020 999 1067 inuidiae
1030 1020 1247 1068 ternario
1280 1020 1552 1068 conflentur
1591 1023 1742 1083 statu,
1782 1020 1835 1068 id

153 1097 228 1144 est
271 1094 509 1156 naturali,
558 1095 764 1155 causali,
813 1094 1068 1142 accidenti.
1144 1094 1388 1142 Naturale
1436 1097 1512 1142 est
1559 1095 1727 1142 odium
1771 1097 1831 1143 ut

153 1185 333 1218 canum
371 1171 420 1216 et
449 1169 689 1230 leporum,
729 1169 962 1230 luporum
994 1171 1044 1215 et
1074 1168 1331 1231 pecudum,
1370 1169 1624 1217 hominum
1655 1170 1706 1216 et
1736 1183 1834 1216 ser-

161 1243 399 1306 pentium,
439 1243 638 1291 causale
671 1245 745 1290 est
775 1245 831 1290 ut
863 1243 1042 1290 amoris
1075 1243 1233 1290 zelum
1265 1244 1412 1304 atque
1443 1242 1677 1303 inuidiae,
1717 1242 1840 1291 acci-

157 1318 276 1365 dens
316 1319 391 1365 est
429 1316 560 1378 quod
592 1319 681 1364 aut
719 1315 881 1364 uerbis
915 1316 1184 1364 casualiter
1215 1316 1437 1364 oboritur
1466 1317 1527 1363 ut
1556 1316 1838 1365 hominibus

89 1410 132 1443 15
159 1393 247 1440 aut
287 1390 597 1439 comestionis
629 1393 831 1452 propter
869 1393 928 1437 ut
966 1390 1215 1438 iumentis.
1282 1388 1542 1452 [Cerberus
1573 1405 1690 1438 uero
1722 1389 1839 1438 dici-

155 1469 240 1514 tur
271 1464 414 1527 quasi
445 1464 716 1525 creoboros,
754 1465 847 1511 hoc
881 1466 954 1512 est
986 1480 1183 1512 carnem
1213 1479 1395 1512 uorans
1428 1467 1477 1512 et
1507 1463 1713 1527 fingitur
1741 1464 1840 1512 tria

155 1539 336 1588 habere
375 1538 540 1601 capita
577 1554 667 1600 pro
698 1538 857 1586 tribus
889 1538 1150 1599 aetatibus,
1188 1537 1416 1600 infantia,
1453 1537 1728 1600 iuuentute,
1767 1553 1840 1586 se-

158 1615 371 1676 nectute,
410 1629 499 1675 per
537 1628 659 1674 quas
698 1612 928 1660 introiuit
965 1627 1096 1660 mors
1134 1612 1187 1659 in
1227 1612 1394 1659 orbem
1430 1609 1711 1674 terrarum]
1744 1606 1762 1676 ΙΙ

622 1760 733 1806 VH.
789 1759 1015 1807 Fabula
1054 1759 1119 1807 de
1159 1760 1371 1807 Furiis.
1840 1771 1931 1814 633

93 1884 137 1916 20
270 1865 402 1913 Huic
441 1880 635 1926 quoque
675 1863 826 1911 etiam
863 1865 963 1910 tres
996 1863 1168 1910 Furias
1210 1863 1457 1910 deseruire
1497 1863 1680 1925 dicunt,
1721 1878 1840 1926 qua-

160 1957 271 1987 rum
326 1939 487 2001 prima
539 1938 733 1985 Allecto
780 1932 1027 2000 <secunda
1068 1937 1344 1996 Tisiphone,
1401 1939 1542 1985 tertia
1580 1933 1840 2002 Meyera>3

279 2086 305 2124 2
335 2094 425 2138 sqq.
456 2093 496 2124 v.
527 2078 758 2135 mythogr.
789 2077 896 2121 Vat.
927 2077 949 2119 Ι
982 2081 1063 2120 108
1107 2076 1150 2119 lI
1183 2080 1236 2119 10
1274 2077 1339 2119 ΙΠ
1371 2082 1412 2132 6,
1447 2082 1469 2119 1
1617 2081 1643 2120 8
1674 2090 1766 2135 sqq.
1799 2092 1838 2123 v.

160 2140 404 2243 111119ξ121οἧι11
415 2138 591 2242 ζ3ὺὲ3ῌ
624 2143 675 2182 11
717 2137 781 2180 ΠΙ
814 2141 853 2189 6,
879 2141 933 2180 22
1057 2140 1110 2179 19
1142 2149 1230 2192 sqq.
1256 2151 1296 2180 v.
1320 2135 1551 2192 mythogr.
1577 2134 1686 2180 Vat.
1710 2136 1732 2179 I
1758 2141 1841 2180 109

283 2337 305 2376 1
343 2332 518 2377 Titulos
547 2344 685 2387 usque
723 2330 781 2374 ab
809 2330 891 2374 hoc
924 2329 1072 2386 capite
1101 2341 1173 2372 om
1201 2327 1244 2371 T
1278 2328 1379 2384 (lac.
1410 2329 1590 2384 servat.)
1711 2332 1737 2371 3
1772 2326 1843 2372 di-

164 2393 276 2438 cunt
297 2392 354 2436 H
445 2395 474 2434 4
504 2388 775 2434 addicatum
796 2389 942 2434 detero·
1059 2391 1085 2430 8
1115 2385 1278 2430 fabula
1301 2400 1372 2431 om
1399 2387 1441 2432 G
1530 2399 1645 2430 cane
1676 2388 1773 2432 add
1797 2387 1848 2431 E

225 2455 279 2494 10
310 2449 614 2507 coplenturR
645 2448 869 2493 coflentur
889 2448 930 2491 Τ
1037 2450 1089 2489 11
1122 2446 1291 2489 natura
1311 2446 1354 2489 T
1424 2444 1851 2490 accedentiRTM

166 2508 447 2555 accidentali
476 2509 622 2554 deterr
743 2512 797 2550 12
827 2506 1042 2563 luporum
1065 2519 1134 2550 om
1156 2505 1203 2549 R
1292 2517 1511 2560 pecorum
1527 2504 1585 2549 H
1610 2503 1772 2548 -odum
1788 2503 1852 2547 Μ

226 2568 548 2626 serpentsimT
658 2571 712 2609 13
737 2564 862 2609 zelus
879 2565 965 2624 Ββ
1055 2563 1277 2608 accedens
1290 2563 1466 2622 RITM
1571 2567 1627 2606 14
1657 2562 1784 2619 quod
1817 2576 1845 2606 3

166 2627 323 2672 uerbis
354 2628 482 2671 Rern
586 2624 844 2669 casuaulite
862 2624 1107 2668 roboratur
1129 2622 1187 2666 H
1211 2621 1463 2666 causaliter
1485 2623 1632 2666 detero·
1659 2621 1845 2665 robore-

167 2689 244 2731 tur
263 2687 436 2731 TBern
571 2688 625 2728 15
658 2684 962 2728 comestiones
979 2683 1036 2727 H
1069 2681 1372 2726 comestiones
1394 2683 1452 2724 M
1461 2680 1580 2738 ER,
1616 2693 1845 2724 comessa-

167 2745 319 2790 tiones
354 2745 397 2790 Cr'
517 2747 572 2787 15
588 2758 666 2800 sqq
697 2742 920 2787 Cerberus
937 2768 992 2774 —-
1008 2743 1235 2785 terrarum
1264 2741 1386 2784 solus
1400 2740 1537 2783 Marc
1552 2739 1609 2793 cf.
1626 2739 1845 2797 mythoyr.

177 2805 280 2850 Vat.
311 2804 405 2848 III
429 2807 473 2861 6,
497 2806 560 2848 22
605 2803 664 2846 II
692 2806 764 2856 11,
788 2805 878 2847 150
1011 2805 1068 2844 20
1099 2812 1281 2856 quoque
1312 2813 1382 2843 om
1405 2799 1456 2843 Ε
1586 2802 1640 2841 21
1675 2797 1845 2850 alectio

171 2864 340 2937 allecto
357 2891 414 2936 H
499 2890 623 2951 (sec.
650 2917 705 2924 —-
730 2890 952 2947 Megera>
981 2890 1178 2946 interpos
1210 2887 1283 2932 He
1313 2887 1370 2942 cf.
1388 2901 1437 2944 p.
1463 2891 1533 2943 21,
1560 2891 1586 2930 8
1617 2891 1659 2932 et
1691 2890 1744 2930 16
