1976 3120
645 108 845 154 MUNDI
875 107 953 152 ΕΤ
985 106 1241 153 HOMINIS
1685 107 1788 160 177

1812 184 1851 217 Η

0 244 4 285 ἑ
99 233 471 301 putrefactum?
561 235 640 283 Da
694 233 994 298 Calligulam
1055 231 1216 281 aureis
1275 232 1552 295 piscantem
1603 234 1792 283 retibus
1807 208 1899 277 abiet
1921 245 1948 276 0

0 336 7 346 ν
101 310 405 373 funibusque
437 309 718 372 purpureis;
750 309 815 357 da
846 306 1180 357 Caesareanae
1211 306 1576 369 turpitudinem
1608 308 1792 370 stirpiS,

0 389 4 447 ζ
101 385 189 435 ubi
218 385 304 433 ille
334 383 563 432 madidus
594 383 837 446 princepS,
870 383 1075 431 entheca
1099 381 1310 443 sceleriS,
1344 381 1428 444 qui
1454 381 1623 430 uirum
1647 398 1794 444 quem

101 460 232 508 male
264 460 523 521 acceperat
553 457 770 520 perdidit
805 454 900 519 [et]
934 456 1190 505 mulierem
1219 471 1368 518 quam
1391 456 1522 504 iuste
1547 459 1796 504 meruerat

102 533 301 595 sumsit,
357 549 565 596 regnum
617 531 905 580 criminibus
958 530 1251 592 maculauit,
1313 531 1363 578 et
1423 531 1543 592 quid
1599 531 1793 593 turpius
1819 549 1839 581 5

103 610 194 657 aut
222 607 375 656 uellet
406 609 495 654 aut
524 606 726 669 faceret,
765 606 861 654 nisi
893 608 950 653 ut
985 604 1253 668 grauidata
1283 605 1570 653 ranunculis
1603 605 1795 654 uiscera

103 681 408 746 turgescenti
440 680 736 729 dissilientia
773 679 944 743 rugitu
975 679 1225 728 intestinis
1257 679 1409 729 etiam
1440 679 1797 742 crepitantibus

104 782 175 790 —
204 756 331 804 nihil
363 754 575 818 amplius
606 770 759 817 quam
788 770 1054 816 perennem
1092 753 1301 802 saeculis
1340 753 1567 802 fabulam
1603 754 1798 816 peperit

103 829 339 878 criminis.
430 829 620 878 Exhinc
680 829 781 877 iam
841 829 959 876 luxu
1019 829 1268 890 perfracta
1328 828 1489 876 uirtus
1546 829 1797 892 relanguit

102 904 329 968 rigidaue
370 904 607 952 seueritas
640 903 828 951 deliciis
868 902 1212 951 accedentibus
1253 903 1504 964 tepefacta
1542 903 1795 966 migrauit.
1824 922 1865 953 ιο

105 979 294 1027 Tamen
338 993 654 1040 nequaquam
705 977 758 1025 in
804 977 992 1025 cunctis
1038 977 1283 1040 Augustis
1336 977 1584 1039 huiusque
1641 978 1795 1026 cladis

105 1052 245 1102 tabes
283 1052 506 1114 inrepsit.
577 1052 733 1100 Fuere
771 1051 929 1115 igitur
966 1051 1098 1099 uarii
1136 1051 1313 1113 quibus
1355 1054 1405 1100 et
1441 1051 1606 1100 uirtus
1645 1052 1796 1100 inter-

103 1125 206 1177 rita
253 1127 416 1175 inerat
470 1128 520 1174 et
569 1126 723 1174 animi
777 1142 894 1174 cura
947 1126 1185 1189 uigilanti
1242 1126 1459 1174 cautella
1512 1126 1798 1175 referuerat.

105 1201 238 1251 Nam
275 1200 611 1263 Uespasianus
658 1200 891 1248 Iudaicae
937 1200 1121 1248 uindex
1166 1200 1439 1262 nequitiae,
1488 1217 1635 1262 quem
1681 1216 1799 1249 suae

109 1274 332 1324 Christus
392 1274 605 1322 iniuriae
668 1275 886 1338 elegerat
946 1275 1216 1336 uindicem,
1277 1275 1383 1337 ipse
1436 1274 1799 1323 Israheliticam
1824 1293 1866 1326 15

107 1349 301 1397 cladem
337 1348 486 1397 finem
523 1364 680 1411 usque
719 1349 950 1411 perduxit
988 1351 1039 1396 et
1077 1364 1396 1411 nequaquam
1434 1349 1535 1397 iam
1573 1350 1707 1397 ultra
1739 1350 1798 1397 de

0 1434 3 1438 ’
75 1423 420 1486 -captiuitatis
475 1423 782 1486 ergastulum
835 1423 1110 1471 redituram
1162 1423 1366 1485 perenni
1413 1424 1617 1472 exulatu
1664 1424 1798 1472 dam-

105 1498 262 1546 nauit.
338 1497 434 1546 Hic
471 1497 640 1559 itaque
679 1497 928 1545 Hebream
975 1498 1214 1546 aduersus
1252 1498 1416 1546 Deum
1455 1498 1798 1546 calcitrantem

105 1571 383 1634 nequitiam
430 1572 728 1620 execrandae
775 1572 920 1620 famis
967 1572 1106 1619 exitu
1150 1572 1420 1620 terminans
1469 1572 1611 1620 illam
1641 1589 1799 1635 usque

105 1645 372 1694 miserabili
383 1648 536 1694 tatem
573 1646 822 1708 perduxit,
862 1648 919 1694 ut
956 1646 1128 1694 lacteis
1169 1646 1526 1708 dependentem
1564 1646 1795 1695 uberibus
1824 1666 1867 1696 20

102 1722 278 1768 natum
307 1719 503 1768 ieiunae
528 1720 700 1768 matris
733 1720 919 1768 faceret
948 1720 1216 1782 prandium
1248 1723 1297 1768 et
1333 1737 1462 1783 quae
1495 1721 1795 1770 insensibilis

104 1794 206 1843 suis
253 1794 432 1843 catulis
478 1810 798 1856 nequaquam
842 1794 1025 1857 ingerit
1063 1795 1189 1856 fera,
1238 1795 1364 1862 illud
1401 1797 1562 1843 mater
1599 1796 1653 1843 in
1692 1796 1794 1844 suis

103 1868 374 1917 uisceribus
413 1868 598 1917 faceret
629 1869 845 1917 efferata.
909 1867 1044 1926 Quae
1076 1872 1192 1917 sunt
1225 1869 1337 1931 ista,
1377 1870 1510 1918 Deus
1550 1886 1704 1932 meus,
1744 1872 1794 1918 te

106 1942 348 1991 irascente
378 1943 617 2004 permissa
647 1943 825 1991 bellica
856 1943 1076 2005 crimina,
1109 1946 1168 1991 ut
1198 1943 1353 1992 fames
1385 1947 1593 1992 naturae
1626 1944 1796 1992 federa

105 2017 329 2065 uinceret
360 2019 410 2064 et
439 2020 598 2065 mater
629 2017 687 2065 de
721 2017 823 2065 suis
854 2018 1126 2066 uisceribus
1158 2018 1324 2065 ieiuna
1355 2018 1634 2080 pranderet.
1699 2018 1796 2067 Sed
1822 2036 1866 2069 25

228 2134 250 2173 1
285 2130 342 2185 cf.
375 2128 503 2174 Oros.
528 2128 614 2171 VII
640 2133 678 2184 7,
704 2133 730 2171 3
847 2133 902 2171 14
925 2143 1015 2186 sqq.
1048 2130 1105 2184 cf.
1133 2128 1261 2174 Oros,
1287 2130 1372 2173 VII
1397 2135 1422 2173 9
1545 2134 1600 2173 20
1619 2144 1710 2187 sqq.
1744 2131 1804 2186 cf,

114 2187 296 2245 Ioseph.
327 2188 373 2232 b.
399 2189 432 2233 Ι.
459 2187 523 2231 VI
547 2193 588 2244 3,
613 2193 640 2231 4

229 2296 253 2334 1
288 2291 368 2350 da]
401 2291 458 2335 de
484 2292 583 2336 RT
692 2290 921 2336 calliculis
954 2291 988 2348 (i
1020 2297 1130 2336 extr.
1164 2306 1220 2336 ex
1252 2306 1294 2343 a,
1327 2307 1346 2336 s
1379 2293 1430 2336 in
1461 2295 1570 2349 ras.)
1601 2293 1643 2337 T
1691 2292 1805 2337 cali·

106 2349 270 2408 gulam
285 2350 322 2395 S
407 2355 433 2394 2
457 2350 694 2395 cesariano
718 2351 809 2396 RS
888 2350 1178 2407 turpitudine
1204 2351 1301 2396 PR
1317 2352 1357 2395 T
1442 2356 1470 2395 4
1495 2354 1543 2395 et
1566 2366 1637 2397 om
1667 2352 1809 2397 PST

168 2409 329 2468 quam]
361 2409 473 2466 quia
496 2410 532 2455 S
618 2414 643 2453 5
677 2410 877 2468 sumpsit
900 2411 1040 2456 RST
1129 2415 1154 2454 6
1186 2410 1335 2454 bellat
1358 2411 1509 2455 PRT
1537 2413 1699 2469 (supra
1730 2410 1803 2455 lat

108 2484 171 2527 al.
203 2498 258 2528 m.
293 2484 387 2528 add
416 2485 481 2541 re)
514 2471 704 2528 bellati⁹
735 2487 823 2542 (om
854 2486 953 2542 aut)
979 2485 1014 2529 S
1057 2484 1203 2529 uellet
1226 2485 1488 2541 Reiffersch.
1636 2491 1660 2530 7
1692 2487 1799 2531 inde

111 2557 141 2587 a
179 2541 462 2587 dissilientia
492 2545 654 2588 desunt
683 2546 837 2588 omnia
867 2547 919 2589 in
944 2543 980 2589 S
1125 2548 1151 2587 8
1182 2544 1448 2602 pepererint
1479 2545 1739 2601 Reiffersch.

112 2605 169 2645 10
194 2601 387 2646 delicias
405 2603 451 2647 P
534 2607 586 2646 11
614 2602 844 2660 angustiis
862 2621 896 2647 ω
922 2603 1146 2661 Augustis
1166 2604 1371 2649 Eussner
1388 2605 1611 2663 Philoloy.
1632 2606 1724 2650 XL
1737 2606 1810 2651 VI

110 2663 207 2705 249
344 2666 397 2705 13
432 2661 616 2706 cautela
640 2663 742 2707 RT
839 2663 1107 2708 reuerberat
1132 2663 1178 2707 P
1220 2662 1435 2708 feruebat
1466 2681 1500 2707 ω
1548 2663 1806 2708 referuerat

114 2734 342 2794 Plasberg
427 2741 480 2780 15
512 2722 709 2781 isrTi'fica
736 2737 776 2780 T
858 2742 911 2780 16
948 2736 1131 2781 cladem
1161 2737 1300 2781 finem
1331 2752 1401 2782 om
1429 2739 1470 2782 T
1543 2738 1602 2782 de
1625 2739 1806 2784 seclusit

115 2793 376 2849 Reiffersch.
441 2800 494 2839 17
517 2795 766 2853 ergastulis
786 2797 828 2841 T
843 2799 1025 2853 (postea
1042 2811 1142 2841 corr
1164 2795 1251 2853 -lo)
1313 2797 1523 2841 reditura
1540 2798 1586 2841 P
1642 2798 1804 2855 damp-

116 2851 252 2896 nauit
277 2854 319 2898 T
461 2860 514 2899 21
549 2855 674 2911 quod
706 2855 813 2900 Se‘ttl
843 2857 999 2900 annal.
1033 2856 1256 2901 Bursian.
1283 2857 1379 2901 LV
1398 2858 1557 2912 (1888)
1580 2859 1675 2901 242
1698 2872 1804 2914 per-

107 2924 275 2968 peram
439 2919 494 2957 22
533 2914 617 2958 illa
642 2916 719 2959 Ho
743 2915 1005 2971 Reiffersch.
1151 2919 1207 2958 24
1233 2930 1295 2973 sq.
1329 2914 1540 2960 uinceret
1578 2916 1739 2977 federa
1766 2917 1808 2960 T

206 2993 466 3029 Furanmms
491 2997 548 3029 ed.
572 2997 722 3029 Helm.
1477 2994 1530 3033 12
