1976 3120
101 148 154 180 M.

182 71 252 124 66
786 71 1255 118 MITOLOGIARUM
1953 0 1976 106 l

178 197 397 246 diuitum
434 199 595 246 mater
633 200 727 258 est3
766 198 898 246 unde
939 201 989 246 et
1017 198 1262 247 Homerus
1292 199 1712 263 Agamemnonem
1750 216 1862 251 con·
1880 151 1976 235 sai

178 273 399 321 siderans
425 273 518 320 ait:
552 265 589 320 ὦ
616 267 844 336 μά<κα>ρ
864 267 1081 337 Ἀτρείδη
1107 270 1390 338 μοιρηγενὲς
1414 270 1749 339 ὀλβιόδαιμον,
1771 290 1863 324 nec

177 363 278 395 non
316 349 366 394 61
403 346 667 408 Euripides
709 346 1024 394 consimilans
1061 347 1326 395 Tantalum
1365 347 1477 395 Ioui
1514 349 1567 396 in
1603 349 1864 413 tragoedia

176 422 402 470 Electrae
439 421 531 468 ait:

482 521 507 573 ὅ
544 523 636 589 γὰρ
677 523 929 589 μακάριος,
967 523 1090 573 κούκ
1129 521 1349 583 ὀνειδίζω
1386 524 1548 589 τύχας,

480 597 600 656 Διὸς
639 596 873 661 πεφυκὼς
912 595 978 657 ὡς
1017 596 1211 664 λέγουσι
1253 598 1497 658 Τάνταλος

481 679 706 737 κορυφῆς
745 668 937 738 ὑ<περ>
964 712 973 720 .
999 711 1008 719 .
1036 709 1072 736 .,
1102 668 1119 737 ΙΙ

174 791 227 839 id
266 794 361 839 est:
399 791 576 839 beatus
615 792 699 838 ille
733 818 803 824 —
834 807 924 839 nec
962 791 1162 839 inuideo
1202 791 1428 839 fortunas
1470 792 1574 839 eius
1607 819 1676 825 ——
1707 792 1951 845 10u1s715

178 865 402 928 aequalis
426 868 486 913 ut
509 866 692 913 dicitur
717 866 973 913 Tantalus.
1036 866 1169 928 Ergo
1201 865 1454 927 potentiae
1479 866 1639 928 gloria
1670 882 1862 928 semper

109 958 153 990 10
178 943 228 988 et
281 955 447 988 amore
501 942 721 987 torretur
767 942 816 987 61
868 939 1027 987 liuore
1078 942 1345 1002 torquetur
1394 940 1592 1002 citoque
1647 940 1861 989 abscidit

176 1014 311 1076 quod
342 1014 521 1077 diligit,
563 1014 681 1061 dum
719 1017 887 1062 tamen
926 1016 1153 1076 amputet
1189 1014 1318 1061 illud
1356 1014 1491 1076 quod
1522 1014 1640 1063 odit.
1708 1013 1858 1062 Deni-

177 1105 273 1150 que
313 1089 470 1136 omnis
508 1104 640 1136 nunc
677 1103 836 1150 usque
875 1088 1101 1150 potentia
1138 1088 1296 1136 nescit
1346 1089 1474 1136 circa
1513 1104 1626 1136 suos
1666 1088 1858 1136 diutur-

83 1173 174 1216 113
187 1179 308 1209 num
339 1178 537 1210 seruare
570 1162 814 1223 affectum,
848 1164 898 1208 et
921 1162 1055 1224 quod
1086 1162 1330 1210 amauerit
1360 1163 1457 1210 cito
1493 1157 1499 1226 Ι
1535 1164 1624 1210 aut
1655 1161 1860 1210 zelando

176 1238 404 1298 amputat
459 1239 548 1284 aut
605 1236 884 1284 fastidendo
936 1236 1190 1284 horrescit.
1279 1237 1396 1284 Ideo
1460 1238 1510 1283 61
1562 1236 1710 1284 Attin
1762 1235 1862 1284 dici

106 1329 149 1362 15
173 1310 443 1358 uoluerunt
483 1311 626 1373 quasi
666 1313 802 1370 eton3
842 1312 946 1358 etos
980 1311 1111 1358 enim
1144 1309 1295 1358 Grece
1327 1310 1629 1359 consuetudo
1662 1310 1860 1358 dicitur.
1938 1328 1940 1330 ·

172 1385 305 1448 Ergo
362 1387 791 1447 quantuscumque
843 1400 981 1432 amor
1035 1385 1100 1432 sit
1145 1384 1454 1447 potentibus,
1509 1384 1701 1432 stabilis
1753 1399 1860 1432 esse

173 1474 271 1506 non
309 1459 466 1506 nouit.

379 1622 464 1668 VI.
517 1622 748 1669 Fabula
787 1622 927 1669 deae
965 1622 1176 1670 Psicae
1217 1624 1274 1669 et
1315 1621 1640 1683 Cupidinis.

283 1740 526 1802 Apuleius
563 1739 617 1786 in
647 1739 786 1787 libris
817 1740 1230 1787 metamorfoseon
1260 1739 1387 1787 hanc
1417 1739 1640 1786 fabulam
1670 1739 1856 1801 planis-

107 1833 151 1865 20
176 1814 295 1862 sime
336 1813 617 1876 designauit
656 1813 820 1861 dicens
860 1829 963 1861 esse
1009 1813 1062 1860 in
1102 1813 1318 1875 quadam
1356 1813 1561 1861 ciuitate
1598 1829 1767 1877 regem
1805 1815 1858 1861 et

173 1889 418 1950 reginam,
455 1887 634 1934 habere
672 1890 774 1935 tres
811 1887 961 1948 filias,
1010 1887 1131 1934 duas
1171 1889 1295 1934 natu
1332 1887 1542 1941 maiores
1590 1902 1693 1935 esse
1730 1889 1854 1935 tem-

150 1954 349 2024 'perata
388 1961 568 2023 specie,
605 1961 850 2009 iuniorem
887 1977 1007 2008 uero
1045 1963 1151 2008 tam
1187 1960 1478 2023 magnificae
1518 1976 1621 2008 esse
1663 1960 1856 2023 figurae

175 2052 303 2098 quae
357 2035 634 2083 crederetur
677 2035 843 2083 Uenus
898 2050 1000 2082 esse
1050 2035 1310 2082 terrestris.
1386 2034 1615 2096 Denique
1661 2034 1857 2083 duabus

293 2226 317 2264 2
348 2222 481 2266 Hom.
514 2221 567 2265 11.
599 2221 664 2264 III
698 2225 779 2263 182
938 2224 963 2263 5
994 2234 1083 2277 sqq.
1132 2219 1238 2264 Eur.
1274 2219 1420 2264 Orest.
1453 2224 1583 2263 4—6
1626 2222 1855 2277 (κορυφῆς

173 2279 506 2336 ὑπερτέλλοντα
537 2281 789 2337 δειμαίνων
818 2277 1004 2336 πέτρον)
1126 2284 1180 2323 19
1211 2294 1300 2337 sqq.
1333 2295 1373 2325 ν.
1405 2279 1550 2335 myth.
1576 2279 1684 2324 Vat.
1715 2279 1738 2322 Ι
1765 2283 1850 2323 231

172 2340 396 2396 Apuleius
427 2343 614 2384 metam.
647 2339 711 2383 IV
743 2343 798 2383 28
817 2353 915 2395 sqq.

294 2522 318 2559 2
352 2515 1191 2575 omaratridemiregenesolbiodemon
1207 2515 1303 2560 PR
1316 2517 1350 2558 I
1360 2515 1417 2559 H
1440 2517 1527 2559 sim
1557 2531 1592 2558 ω
1683 2518 1710 2558 3
1741 2527 1850 2558 con-

174 2575 350 2619 similes
384 2577 424 2619 T
540 2580 565 2619 5
600 2575 636 2619 O
669 2590 754 2632 gar
784 2574 1012 2619 macarios
1045 2588 1127 2618 ceu
1160 2573 1338 2618 conidis
1371 2573 1545 2618 zoticas
1577 2572 1679 2616 dios
1709 2585 1848 2629 pepe-

172 2635 337 2679 ficosos
369 2634 518 2691 legosi
546 2635 753 2678 tantalos
786 2633 971 2678 corifesi
993 2634 1134 2678 PR]
1147 2634 1189 2676 T
1212 2636 1298 2677 sim
1328 2650 1363 2676 ω
1483 2637 1536 2675 11
1571 2630 1754 2688 diligit·
1771 2631 1851 2675 hic

173 2695 246 2737 est
292 2692 438 2748 siquis
484 2693 713 2736 inuidiam
759 2693 1020 2750 dereliane
1064 2691 1238 2749 poterit
1276 2690 1581 2748 cupiditatem
1627 2703 1850 2746 seponere

175 2753 286 2796 dum
316 2753 453 2796 Marc
603 2757 658 2795 14
696 2751 964 2797 fastidendo
995 2752 1092 2796 PR
1138 2750 1327 2794 -diendo
1353 2767 1388 2793 ω
1538 2753 1592 2792 18
1633 2748 1766 2793 Sicae
1796 2748 1856 2792 H

171 2810 332 2868 psiche
357 2811 407 2854 E
449 2810 638 2855 Psiches
667 2810 708 2854 G
844 2817 896 2854 19
941 2810 1371 2867 metamorphoseon
1402 2810 1476 2867 Τβ
1578 2807 1850 2865 plenissime

170 2870 391 2928 designat
414 2870 476 2913 M
588 2874 643 2912 23
675 2884 765 2925 quo
797 2871 927 2915 Barb
