1904 3126
160 104 225 148 IV
828 101 1164 148 PRAEFATIO

159 229 434 289 uinculum,
486 227 624 276 cuius
669 230 812 289 pater
857 226 1113 288 0160111115,
1168 243 1288 276 auus
1337 226 1612 276 Gordianus
1659 227 1826 290 appel-

159 304 342 350 lantur.
424 302 491 350 Et
535 316 622 348 nos
670 301 870 362 quidem
915 316 1024 348 eam
1067 301 1140 349 ita
1186 301 1456 350 discernere
1502 316 1642 363 posse
1688 300 1828 348 nobis

160 377 399 436 uidemur,
436 377 492 422 ut
531 374 737 422 eundem
774 376 1026 422 auctorem
1062 375 1201 437 prius
1239 375 1329 422 illa
1367 390 1516 436 opera
1558 373 1830 422 leuidensia

163 452 214 498 et
267 465 391 512 quae
444 448 684 496 modestia
738 448 971 496 simulata
1028 449 1256 510 spiritum
1308 448 1555 510 quendam
1606 463 1725 510 prae
1777 462 1829 496 se

160 523 324 570 ferant
362 521 702 583 conscripsisse
741 521 1031 584 iudicemus,
1070 522 1243 569 deinde
1282 521 1451 570 multis
1492 521 1632 569 annis
1669 523 1828 570 trans-

162 596 285 645 actis
339 598 389 644 et
441 595 603 643 animo
656 597 937 657 permutato
991 611 1104 644 cum
1147 595 1252 658 ipse
1299 595 1476 657 quibus
1523 597 1649 643 esset
1692 594 1830 642 uitiis

162 661 283 719 satis
321 669 647 731 perspexisset
683 669 977 717 monachum
1013 669 1200 717 factum
1238 671 1288 716 et
1324 669 1512 717 uictum
1549 668 1830 717 emendasse

165 746 217 791 et
262 758 546 792 sermonem.
558 736 599 809 1)
683 741 822 798 Quod
867 743 909 791 si
954 742 1124 804 aliqua
1169 758 1281 791 cum
1325 742 1675 804 probabilitate
1719 756 1830 804 pro·

161 817 374 865 tulimus
387 854 400 877 ,
439 818 570 864 certo
608 816 889 863 testimonio
928 816 1177 879 Fulgentii
1214 815 1452 863 Ferrandi
1490 816 1578 877 qui
1616 815 1832 878 episcopi

164 891 326 939 uitam
371 889 628 951 descripsit
671 890 799 937 hunc
845 892 1094 937 auctorem
1132 905 1175 937 a.
1206 907 1253 951 p.
1287 888 1396 937 Chr.
1435 906 1481 936 n.
1515 890 1618 937 468
1657 891 1833 937 natum

165 967 216 1013 et
253 980 295 1012 a.
339 964 441 1011 533
482 965 734 1010 mortuum
772 978 874 1011 esse
914 962 1105 1011 scimus.

272 1037 451 1085 Animo
505 1039 561 1083 ut
607 1035 815 1084 diximus
867 1036 964 1084 fuit
1015 1036 1138 1098 leui,
1191 1036 1477 1099 priusquam
1521 1035 1683 1084 nescio
1731 1050 1833 1098 qua

122 1145 125 1148 «
162 1111 222 1159 de
270 1125 419 1158 causa
464 1125 662 1172 prorsus
708 1112 1004 1171 mutaretur,
1058 1126 1214 1172 neque
1260 1125 1420 1157 uanae
1466 1109 1653 1173 gloriae
1697 1109 1832 1192 cupi-

162 1185 319 1232 ditate
357 1183 588 1242 uacabat·
629 1199 727 1244 qua
766 1148 1050 1243 commotus,
1088 1186 1145 1231 ut
1184 1183 1394 1245 speciem
1431 1198 1649 1230 summae
1680 1182 1833 1230 scien·

162 1258 266 1306 tiae
327 1260 375 1305 et
435 1257 684 1304 doctrinae
746 1246 1040 1304 abundantis
1101 1256 1382 1318 praeberet,
1447 1271 1572 1317 quae
1634 1255 1834 1304 aliunde

162 1333 411 1392 hauserat,
449 1329 732 1378 auctoribus
770 1345 868 1377 non
905 1329 1139 1391 inspectis
1174 1346 1331 1392 neque
1364 1329 1655 1389 examinatis
1686 1344 1836 1391 quam

163 1405 414 1453 celerrime
453 1403 740 1466 composuit,
780 1419 889 1451 cum
925 1403 978 1450 id
1007 1420 1159 1451 unum
1189 1405 1358 1468 ageret
1387 1405 1444 1451 ut
1475 1402 1836 1451 admirarentur

163 1478 384 1526 homines
409 1479 595 1539 quanta
619 1476 904 1524 adulescens
935 1476 1198 1525 admodum
1221 1476 1599 1539 conscripsisset.
1650 1475 1834 1524 Uersus

165 1567 361 1614 quoque
414 1565 535 1612 quos
587 1550 822 1598 Martiani
876 1548 1106 1612 Capellae
1161 1551 1435 1611 exemplum
1492 1551 1685 1598 secutus
1743 1549 1835 1598 1111·

165 1625 363 1673 miscuit
413 1623 596 1685 raptim
648 1623 845 1670 uidetur
898 1624 1197 1687 excogitasse
1250 1639 1349 1671 non
1400 1623 1660 1685 repudiata
1713 1622 1834 1670 alio·
1879 1631 1882 1634 ’

166 1715 278 1746 111111
321 1699 578 1760 poetarum
616 1712 825 1758 quorum
868 1712 1055 1744 memor
1099 1699 1204 1744 erat
1242 1696 1517 1744 imitatione
1554 1696 1635 1744 uel
1679 1696 1837 1757 furt03

74 1826 81 1841 ι
169 1788 285 1819 nam
331 1773 380 1819 et
426 1786 483 1817 ex
526 1769 792 1833 Peruigilio
839 1769 1043 1818 Ueneris
1089 1786 1256 1818 uersus
1307 1772 1370 1819 19
1417 1772 1466 1818 et
1507 1772 1575 1818 20
1621 1769 1836 1818 numeris

171 1844 379 1893 seruatis
390 1837 429 1907 2)
471 1844 738 1905 paucisque
776 1842 938 1890 uerbis
975 1844 1179 1891 mutatis
1212 1842 1420 1905 arripuit
1452 1836 1521 1908 (p.
1550 1845 1595 1904 7,
1623 1846 1686 1890 11
1707 1835 1837 1909 sqq.)

173 1921 223 1966 et
267 1917 390 1965 alios
435 1910 506 1983 (p.
540 1918 587 1978 7,
614 1910 704 1982 19)
753 1916 1005 1978 exscripsit
1050 1933 1108 1964 ex
1149 1916 1397 1964 Tiberiani
1444 1916 1656 1964 carmine
1705 1916 1837 1978 quod

171 1991 367 2039 nomine
420 1990 633 2038 auctoris
685 2005 783 2037 non
828 1992 1203 2038 commemorato
1249 1989 1559 2053 Augustinus
1607 1989 1666 2036 de
1714 2005 1837 2038 mus.

162 2065 250 2126 ..II
276 2067 322 2125 2,
348 2066 377 2112 3
418 2064 580 2124 affert,
622 2065 678 2110 ut
716 2063 904 2125 aliquid
939 2063 1303 2126 probabilitatis
1343 2063 1569 2110 accedere
1606 2062 1838 2111 uideatur

173 2135 461 2189 Ba-ehrensii
499 2136 802 2184 coniecturae
837 2152 935 2198 qua
973 2137 1131 2184 causis
1170 2153 1267 2184 non
1306 2136 1485 2184 additis
1515 2136 1840 2199 Peruigilium

177 2212 334 2259 eidem
393 2210 621 2258 attribuit
677 2209 957 2270 Tiberian03
1018 2225 1134 2257 nam
1192 2225 1423 2272 magnam
1483 2225 1584 2257 6556
1647 2210 1840 2271 copiam

178 2285 325 2347 scrip?
319 2300 470 2358 orum
508 2298 628 2346 quos
666 2283 900 2331 memoria
935 2283 1151 2331 tenuerit
1187 2283 1476 2366 Fulgentius
1518 2298 1657 2346 nego.
1732 2283 1840 2331 Hac

177 2332 384 2406 leuitate
423 2359 472 2405 et
509 2357 786 2404 temeritate
817 2357 1003 2405 factum
1033 2360 1106 2405 est
1137 2359 1195 2404 ut
1225 2356 1539 2419 grauissimos
1569 2356 1622 2403 in
1653 2371 1839 2404 errores

178 2431 432 2492 incideret·
475 2446 632 2492 neque
670 2430 800 2477 enim
836 2430 979 2478 modo
1019 2430 1277 2492 scriptores
1317 2433 1365 2477 et
1403 2445 1551 2491 opera
1591 2430 1690 2476 alia
1729 2445 1840 2477 cum

179 2505 292 2552 aliis
338 2504 577 2565 confudit,
623 2504 707 2551 5611
751 2520 811 2550 116
856 2503 1056 2565 Apuleii
1101 2503 1300 2565 quidem
1344 2503 1402 2550 de
1447 2503 1639 2563 fabula,
1692 2519 1841 2564 quem

179 2577 487 2641 potissimum
526 2577 759 2624 sermonis
798 2580 1046 2625 auctorem
1081 2577 1275 2638 habuit,
1316 2579 1443 2624 recte
1482 2575 1690 2636 rettulit,
1728 2591 1842 2624 cum

302 2704 345 2757 1)
374 2701 430 2746 cf.
456 2701 909 2746 dissertatiunculam
932 2716 1050 2758 quae
1074 2702 1123 2745 in
1145 2715 1302 2746 museo
1327 2700 1548 2744 Rhenano
1571 2699 1841 2757 propediem

182 2760 389 2819 prodibit
421 2760 530 2803 ‘Der
558 2760 751 2804 Bischof
774 2760 860 2804 Ful
862 2760 1044 2818 gentius
1076 2761 1171 2804 und
1202 2761 1283 2804 der
1311 2759 1657 2816 Mythograph’.

303 2822 347 2877 2)
394 2818 542 2872 Quare
587 2819 674 2862 hoc
721 2833 903 2863 carmen
947 2818 1097 2876 longis
1145 2818 1427 2876 scripsissem
1473 2818 1702 2875 uersibus,
1749 2817 1842 2862 nisi

185 2877 364 2923 codices
396 2891 543 2922 essem
571 2880 767 2922 secutus.
905 2900 983 2938 s,
965 2915 1036 2966 ll,

891 2999 914 3017 ,s

871 3017 925 3060 ζ
1066 3022 1074 3029 ’

874 3093 928 3126 s
976 3096 1027 3126 '⁷‚‚ae⁷-
1076 3103 1086 3126 4
1138 3121 1150 3126 s
