1976 3120
650 122 851 168 MUNDI
880 122 958 168 ET
987 120 1244 168 HOMJNTS
1314 89 1324 98 ’
1687 120 1791 173 179

1813 196 1864 230 H.

109 252 382 301 Traianum
436 252 486 298 et
537 250 755 312 primum
802 247 1094 298 Christianis
1145 247 1334 296 meritis
1381 245 1680 310 Augustalia
1725 247 1797 294 in·
1813 258 1909 291 abest
1930 256 1962 291 o

109 326 271 391 signia
338 325 624 388 iungentem
685 323 935 388 geminum
995 323 1296 386 Philippum.
1396 320 1800 370 Praetermittam

108 416 304 450 necesse
338 401 413 447 est
443 398 627 447 Iuliani
657 398 955 447 tirannicam
985 397 1174 446 rabiem
1204 397 1257 444 in
1287 395 1383 444 Dei
1415 395 1644 444 ecclesias
1675 397 1799 443 tem-

108 475 317 538 pestiuis
342 473 620 521 incursibus
650 472 989 537 fluctuantem,
1016 472 1132 520 dum
1154 470 1322 519 Iudeis
1349 470 1451 518 iam
1473 470 1800 532 recuperandi

108 549 284 612 templi
329 548 542 596 facultas
589 547 829 595 tribuitur
876 549 926 595 et
972 546 1292 595 simulacrum
1337 545 1544 593 Ueneris
1597 544 1798 606 templis
1822 562 1845 595 5

110 623 445 672 asciscendum
506 622 740 670 adfertur.
834 620 931 669 Sed
992 623 1042 670 et
1101 620 1266 668 Iudeis
1326 619 1527 668 flamma
1586 618 1799 666 uibratis

110 698 329 760 crispata
388 695 656 744 uerticibus
721 698 944 744 cementa
1004 689 1158 743 muris
1221 694 1391 742 adlata
1452 693 1690 757 disparsit
1750 695 1802 740 et

109 772 330 820 uestibus
385 770 540 819 crucis
597 770 929 819 caracteriaca
983 769 1242 833 signacula
1287 768 1545 832 figurauit3
1591 767 1799 816 Ueneris

112 846 265 895 etiam
317 845 584 894 transitum
626 844 849 907 Babylae
903 843 1137 907 martyris
1191 843 1475 907 praesentia
1527 841 1798 890 interdixit.

110 919 491 969 Ualentinianus
530 919 746 967 militare
785 918 1037 982 cingulum
1083 918 1273 981 spernit
1311 920 1361 966 et
1398 916 1597 980 imperii
1634 916 1800 965 diade·
1825 935 1867 968 10

32 1020 34 1022 ·
109 994 259 1043 matis
285 995 478 1042 'munus
518 993 711 1056 excipit.

0 1440 38 1504 2

0 1612 38 1720 {l

32 1848 37 1879 l

232 1149 255 1188 1
280 1158 343 1202 sq.
368 1144 425 1199 cf.
453 1142 582 1188 Oros
605 1142 692 1186 VH
717 1147 773 1187 20
866 1146 891 1186 6
916 1157 1005 1200 sqq.
967 1143 1089 1200 q.cf
1116 1141 1376 1187 Cassiodor.
1401 1140 1510 1185 hist
1534 1139 1643 1198 trip.
1661 1139 1726 1184 VI
1741 1144 1799 1183 43

173 1208 198 1248 9
230 1205 287 1260 cf.
314 1201 574 1247 Cassiodor.
599 1201 710 1248 hist.
734 1201 842 1260 trip
867 1202 931 1247 Ἦ
956 1207 1009 1246 31
1157 1206 1212 1246 10
1243 1203 1301 1258 cf.
1328 1200 1456 1246 Oros,
1481 1199 1568 1245 VII
1591 1205 1647 1244 32

231 1356 257 1395 2
295 1351 509 1410 filippum
539 1351 586 1395 P
745 1355 772 1394 3
805 1351 876 1395 est
914 1351 961 1395 et
991 1350 1253 1406 Reiffersch.
1286 1350 1570 1408 distinyuens
1608 1353 1714 1393 ante
1753 1349 1800 1392 et

111 1427 151 1458 v.
186 1417 209 1456 1
331 1410 623 1468 tyrannicam
653 1411 695 1455 T
737 1410 1051 1454 thirannicam
1083 1410 1130 1454 P
1291 1413 1317 1453 5
1356 1410 1469 1454 Uen.
1510 1411 1638 1465 temp
1640 1407 1677 1451 li
1702 1408 1744 1452 Τ

113 1476 139 1515 9
171 1469 331 1515 babile
356 1470 459 1515 RT
554 1472 782 1527 martyres
805 1470 852 1516 R
894 1468 1099 1513 martiris
1128 1469 1170 1513 T
1286 1473 1340 1512 11
1374 1467 1530 1513 Flauii
1561 1466 1714 1525 (Fauii
1736 1467 1800 1524 R)

113 1529 299 1574 Claudii
329 1528 556 1575 Gordiani
586 1528 824 1588 Fulgentii
854 1528 945 1573 uiri
984 1527 1231 1573 clarissimi
1269 1530 1496 1586 subscript
1524 1530 1578 1572 in
1608 1527 1654 1571 P
1680 1532 1801 1572 ante.

28 1595 31 1607 ¹
112 1591 166 1634 in
195 1590 242 1635 R
267 1595 374 1647 post
402 1590 560 1635 verba.-
600 1591 794 1646 quartus
826 1588 1031 1633 decimus
1061 1587 1183 1632 liber
1214 1587 1390 1644 absque
1423 1587 1460 1631 Ο
1493 1585 1713 1645 explicit.
1730 1585 1799 1630 in-

114 1647 230 1706 cipit
258 1648 447 1705 quintus
481 1647 689 1693 decimus
721 1648 898 1705 absque
929 1647 965 1691 P
995 1648 1324 1705 subscriptione
1354 1652 1476 1692 caret
1504 1647 1545 1691 T

1440 3004 1526 3047 12*
