1976 3120
204 86 309 139 136
820 87 901 131 DE
933 86 1271 132 AETATIBUS

134 163 173 194 H

61 223 158 254 abest
172 223 202 254 Β
215 211 391 260 iustior
415 228 579 261 coram
601 213 707 262 Deo
729 215 987 275 reppertus
1018 227 1159 260 arcae
1181 214 1325 274 pater
1347 212 1563 276 eligitur,
1586 228 1701 261 arca
1721 215 1881 262 matre

159 298 188 339 9
207 289 450 348 seruatur,
492 282 498 351 Ι
539 287 599 334 fit
650 287 727 335 sui
779 286 940 349 operis
994 286 1177 348 incola,
1230 286 1289 333 fit
1341 288 1623 349 serpentum
1674 287 1878 352 collega,

203 360 379 422 hospes
425 362 740 423 praepetum,
789 375 948 408 comes
994 360 1239 422 pecudum
1277 375 1335 408 ac
1372 360 1610 424 ferarum3
1654 360 1879 410 ludentes

202 433 330 482 filios
387 450 498 482 cum
551 437 765 482 cerastas
820 434 1151 496 draconesque
1202 434 1454 496 conspexit
1506 436 1557 483 et
1601 434 1878 484 adsidentes

159 526 180 559 5
204 509 473 571 garruliter
527 509 752 556 elefantis
813 510 985 570 neptes
1045 523 1144 556 non
1203 508 1387 556 timuit.
1478 508 1666 556 Enatat
1717 509 1879 557 futuri

202 582 374 629 mundi
436 582 686 630 seminalis
747 582 952 630 entheca
1006 582 1304 643 praeteritae
1364 582 1581 630 nationis
1641 582 1878 645 reliquias

203 657 371 704 futuro
419 657 611 704 saeculo
658 656 981 717 productura,
1027 655 1398 703 circumlatrant
1443 656 1663 718 undique
1707 656 1880 704 morti-

204 730 339 777 ferae
392 730 555 777 undae
609 730 827 778 salutare
874 729 1147 793 negotium,
1204 746 1302 791 quo
1350 745 1462 778 cum
1505 729 1664 792 primo
1708 729 1880 778 mundi

202 803 410 851 interitu
449 819 613 851 semen
652 803 803 851 etiam
840 803 1100 865 perderent
1138 805 1188 851 et
1225 803 1469 863 futurum3
1515 803 1601 852 sed
1637 803 1882 852 iustorum

139 894 182 926 10
205 878 442 925 securitas
491 878 642 925 etiam
688 879 922 939 pereunte
970 877 1163 925 saeculo
1209 877 1366 925 nescit
1405 877 1670 939 quicquam
1705 877 1879 926 timere

205 952 487 999 sollicitum.
541 951 686 999 Nunc
710 967 840 1014 ergo,
872 951 1000 999 sicut
1029 951 1217 1013 primae
1248 951 1419 998 mundi
1451 951 1607 998 aetati
1639 951 1881 1000 sociatum

204 1027 393 1073 statum
439 1025 764 1087 ostendimus,
819 1025 935 1072 dum
988 1041 1046 1073 ex
1092 1023 1215 1072 Cain
1268 1025 1360 1072 zeli
1403 1025 1621 1073 toxicum
1666 1024 1881 1086 concipit

205 1099 420 1161 dumque
475 1115 533 1146 ex
583 1099 686 1146 eius
740 1114 972 1162 germano
1025 1098 1168 1147 lactis
1222 1099 1463 1146 auxilium
1514 1098 1693 1160 poscit,
1748 1097 1881 1160 quod

207 1172 406 1234 quidem
443 1173 527 1220 ille
567 1173 824 1234 sacrificat,
862 1173 946 1219 ille
985 1175 1140 1234 potat,
1174 1199 1242 1205 ——
1276 1172 1396 1234 quid
1435 1187 1549 1235 ergo
1581 1172 1634 1219 in
1663 1171 1882 1220 secunda

139 1263 180 1296 15
206 1249 370 1294 aetate
416 1263 493 1294 res
542 1247 714 1308 parilis
762 1248 1014 1308 conpetat,
1062 1247 1390 1294 ostendamus.
1468 1246 1608 1293 Sicut
1653 1245 1784 1293 enim
1825 1244 1881 1292 in

203 1320 367 1382 pueris
415 1323 553 1368 aetas
598 1320 787 1368 insulsa
837 1320 1066 1383 erigitur,
1121 1320 1190 1368 sic
1236 1320 1471 1383 gigantea
1515 1319 1881 1368 inconsiderata

202 1394 432 1442 materies
463 1394 680 1454 tollitur3
720 1394 850 1442 sicut
879 1394 956 1442 his
985 1394 1281 1442 instinct-ura
1312 1393 1586 1441 cataclismi
1614 1393 1882 1455 praerogat

204 1469 374 1529 scelus,
414 1468 486 1515 ita
523 1468 689 1529 pueris
727 1468 945 1516 tinctura
983 1468 1133 1516 fontis
1175 1467 1321 1515 diluit
1357 1467 1568 1515 facinus:
1607 1466 1712 1514 illic
1749 1481 1881 1528 aqua

205 1542 455 1604 angelicae
500 1541 902 1605 transgressionis
948 1541 1005 1588 fit
1057 1541 1206 1603 ultio,
1259 1541 1339 1588 hic
1385 1556 1518 1603 aqua
1569 1540 1626 1588 fit
1678 1540 1879 1604 genuini

138 1632 182 1664 20
203 1616 395 1677 peccati
418 1615 616 1663 dilutio:
647 1615 751 1663 illic
781 1617 1115 1677 transgressor
1146 1615 1347 1678 angelus
1372 1614 1673 1675 concupiscit
1703 1614 1877 1675 scelus,

203 1689 284 1736 hic
306 1689 551 1736 humanae
576 1689 999 1750 concupiscentiae
1025 1688 1232 1736 diluitur
1262 1688 1473 1735 fructus:
1504 1687 1608 1735 illic
1629 1687 1879 1749 peccantis

203 1762 374 1810 mundi
411 1762 642 1809 materies
680 1762 733 1809 in
778 1778 877 1810 uno
922 1762 1140 1824 germine
1186 1761 1598 1823 transplantanda
1633 1761 1687 1807 in
1725 1760 1879 1808 alium

206 1836 455 1883 saeculum
501 1835 643 1897 aquis
687 1835 988 1899 purgatoriis
1043 1837 1232 1896 enatat,
1279 1835 1358 1882 hic
1395 1835 1544 1882 unius
1584 1833 1766 1882 Christi
1803 1849 1878 1882 re-

206 1909 486 1971 demptione
525 1909 792 1972 pugnantis
837 1908 972 1956 rudis
1018 1909 1162 1957 homo
1203 1909 1433 1956 ecclesiae
1482 1907 1699 1956 fontanis
1737 1923 1878 1955 rena·

140 2000 183 2033 25
207 1983 362 2031 scitur
408 1983 748 2030 sacramentis:
795 1983 898 2031 illic
945 1999 1003 2029 ex
1046 1982 1228 2030 mundo
1274 1982 1326 2029 in
1365 1997 1529 2030 arcam
1566 1981 1787 2029 transilit
1822 1983 1883 2029 ut

207 2057 544 2105 cataclismum
589 2057 774 2119 fugiat,
819 2057 899 2104 hic
946 2073 1003 2103 ex
1050 2055 1283 2104 inmundo
1332 2055 1395 2103 ad
1441 2055 1672 2103 ecclesiae
1715 2069 1881 2103 arcam

207 2130 450 2193 confugit,
497 2132 557 2178 ut
602 2130 897 2178 catecizatus
942 2130 1135 2178 hostem
1181 2129 1398 2193 effugiat.
1473 2129 1564 2176 Ille
1610 2130 1740 2177 feras
1782 2143 1879 2177 ser-

327 2334 349 2372 1
382 2331 592 2387 repertus
617 2329 702 2374 SV
779 2328 978 2385 elegitur
1009 2331 1092 2384 (em
1114 2343 1170 2373 m.
1196 2329 1299 2385 rec.)
1321 2329 1368 2372 P
1447 2329 1597 2371 mater
1621 2328 1666 2372 V
1741 2327 1853 2371 arch

208 2415 263 2421 —
289 2388 431 2432 archa
455 2389 490 2433 S
613 2394 638 2431 2
672 2387 955 2444 serpentium
979 2388 1023 2432 V
1144 2392 1173 2430 4
1203 2389 1406 2431 cerastas
1439 2387 1753 2442 draconesque
1777 2386 1824 2429 P
1859 2418 1874 2444 ι

209 2447 399 2491 cerastis
439 2447 810 2503 draconibusque
833 2447 882 2505 S,³
932 2445 1123 2490 cerastis
1155 2445 1497 2501 draconumque
1534 2444 1752 2488 monstris
1785 2444 1830 2489 V

209 2506 486 2550 adsedentes
510 2507 556 2550 P
658 2511 683 2549 5
716 2505 977 2562 elephantis
1003 2506 1047 2550 V
1142 2509 1165 2548 7
1190 2505 1492 2561 perducturas
1517 2504 1563 2547 P
1603 2504 1832 2561 pductura
1848 2501 1886 2547 S

208 2566 264 2620 cf.
291 2566 511 2610 Dracont.
537 2566 591 2609 de
615 2565 737 2608 laud.
752 2565 825 2609 dei
839 2566 900 2608 ΙΙ
912 2568 1006 2608 386
1095 2568 1121 2607 9
1153 2563 1426 2607 sementiam
1442 2563 1527 2607 PS
1558 2575 1714 2606 semen
1737 2560 1881 2605 etiam

216 2623 259 2668 V
335 2622 585 2667 effuturum
609 2624 695 2668 PS
729 2624 775 2666 et
805 2623 983 2667 futuri?
1006 2623 1081 2667 He
1103 2638 1142 2668 v.
1161 2637 1212 2679 p.
1238 2624 1342 2677 135,
1359 2626 1388 2666 9
1491 2625 1545 2664 10
1575 2621 1819 2677 pereuntes
1851 2632 1882 2662 a

211 2682 366 2741 sclo‘S
513 2700 564 2739 11
605 2710 663 2740 ne
702 2710 811 2752 ergo
844 2697 888 2741 V
1031 2700 1085 2740 17
1123 2695 1346 2739 maceries
1378 2695 1414 2739 S
1439 2696 1508 2751 (in
1537 2695 1630 2750 ras)
1747 2706 1882 2750 prae-

208 2756 347 2812 rogat
375 2756 416 2798 P
425 2755 461 2799 S
485 2756 708 2812 prorogat
731 2756 775 2798 V
801 2754 1059 2812 praeripit?
1082 2756 1156 2799 He
1261 2758 1315 2796 22
1349 2753 1478 2796 aliud
1501 2753 1586 2798 SV
1685 2756 1740 2795 23
1773 2765 1880 2796 ena*

208 2815 300 2874 tat]
331 2815 496 2858 renata
521 2813 557 2858 S
683 2818 738 2857 26
771 2814 959 2857 archam
984 2814 1021 2858 S
1145 2817 1199 2856 27
1231 2811 1545 2856 catechizatus
1571 2811 1656 2856 SV
1748 2813 1802 2854 ut
1824 2836 1879 2843 —

211 2872 405 2930 effugiat
435 2887 504 2917 om
527 2873 563 2917 S
