1976 3120
714 133 915 179 MUNDI
945 132 1023 178 ET
1053 131 1310 178 HOMINTS
1750 133 1853 186 139

1875 209 1923 242 Η.

169 259 380 308 intentio
413 260 739 322 operantium.
795 258 836 308 Ο
861 259 1084 308 inmensa
1108 260 1258 321 atque
1281 256 1658 306 inaestimabilis
1683 258 1853 307 diuina
1874 271 1968 304 abac

169 333 429 383 sententia.
500 332 540 382 Ο
578 334 812 396 profundi
851 334 1012 382 diuini
1049 332 1324 396 sapientiae
1362 332 1529 381 fontis.
1590 331 1703 380 Una
1741 349 1853 394 11011,

171 423 298 456 1111113
345 407 562 469 animus,
615 423 774 455 unum
827 407 978 456 etiam
1025 407 1158 471 quod
1209 406 1490 456 mortalitas
1544 406 1855 455 adsumserat

170 497 318 544 opuS,
365 484 415 530 et
459 484 627 530 tamen
671 481 724 529 in
768 481 821 529 id
860 483 994 544 quod
1033 480 1281 546 gaudebat
1323 480 1607 529 humanitas
1646 481 1854 543 plurali-

168 558 326 604 tatem
394 571 445 604 se
502 551 508 620 Ι
564 555 836 618 repperisse
906 555 970 604 ad
1031 555 1339 619 implendum
1401 555 1533 618 quod
1595 557 1929 618 queperat,12

169 629 294 677 illud
336 629 496 693 magis
543 630 822 678 diuinitatis
864 629 1112 692 sapientia
1159 630 1398 692 soluerat,
1445 629 1533 692 qui
1570 645 1727 678 uanos
1765 629 1851 678 ho·
1876 648 1897 680 6

167 703 359 751 minum
387 703 603 767 impetus
635 704 902 752 deridebat.
965 702 1202 753 Oboritur
1239 704 1410 766 itaque
1441 704 1573 752 inter
1601 704 1853 753 sensuales

167 778 410 826 mentium
450 778 710 841 quiniones
749 778 934 842 grande
974 778 1259 841 diuortium,
1297 781 1358 826 ut
1395 777 1531 826 aliud
1566 793 1678 839 uox,
1717 778 1855 826 aliud

168 851 401 900 sensisset
439 852 652 901 auditus
715 852 924 901 Exstitit
961 852 1135 916 lingua
1170 868 1289 901 suae
1327 852 1605 901 uoluntatis
1645 852 1854 901 aduersa

167 927 220 974 et
267 926 400 988 quod
443 925 679 989 loquendi
725 942 875 975 sonus
928 930 1244 989 proruperat,
1299 926 1437 975 aliud
1482 926 1615 975 auris
1668 927 1853 975 uelutsi
1877 945 1920 977 10

167 1002 404 1048 extranea
446 1001 727 1063 reputabat.
811 1001 895 1049 Fit
946 1001 1000 1048 in
1048 1016 1148 1048 una
1202 1001 1470 1063 eademque
1522 1001 1854 1050 membrorum

168 1073 366 1123 unitate
427 1074 629 1135 diuisi03
690 1074 820 1137 petit
870 1075 1043 1140 lingua
1097 1075 1229 1138 quod
1283 1075 1484 1123 auditus
1537 1091 1854 1138 nequaquam

167 1147 431 1212 intellegit,
471 1149 558 1197 dat
597 1149 798 1197 auditus
835 1149 968 1212 quod
1005 1149 1179 1213 lingua
1218 1149 1510 1198 omnimodis
1547 1166 1647 1198 non
1684 1149 1852 1212 petiit:

168 1224 222 1270 et
266 1222 383 1270 dum
428 1223 559 1271 inter
605 1239 655 1271 se
700 1226 909 1286 uterque
949 1223 1132 1272 arietat
1169 1239 1362 1285 sensus,
1409 1224 1733 1286 semiplenum
1772 1224 1852 1272 de-

164 1297 356 1344 sertum
408 1300 483 1345 est
537 1313 673 1360 opus.
759 1298 834 1347 Eo
887 1297 1041 1346 etiam
1094 1300 1315 1360 tempore
1361 1298 1667 1360 Babyloniae
1721 1298 1854 1346 muri
1876 1317 1920 1351 15

169 1370 361 1419 famosa
400 1371 629 1433 opinione
667 1371 948 1434 prosiliunt,
987 1388 1110 1434 quos
1152 1371 1449 1420 Sameramis
1488 1388 1648 1420 uanae
1688 1372 1852 1421 laudis

166 1445 303 1492 elata
347 1447 549 1509 turgore
594 1446 754 1494 fertur
795 1446 1113 1494 instaurasse.
1196 1446 1317 1494 Nini
1370 1447 1501 1495 enim
1554 1446 1631 1495 sui
1682 1446 1855 1495 mariti

166 1520 283 1581 post
328 1518 518 1567 obitum
565 1520 758 1582 antiqui
797 1520 958 1583 operis
1004 1520 1297 1568 fundamina
1334 1521 1388 1568 in
1424 1521 1678 1569 meliorem
1715 1520 1851 1570 labo-

167 1592 324 1641 rando
346 1593 576 1654 perduxit
605 1596 807 1656 statum,
840 1610 967 1657 quae
1001 1594 1200 1657 quidem
1229 1595 1408 1643 melius
1438 1611 1634 1644 morum
1656 1595 1851 1645 ordines

164 1666 394 1730 pingeret
432 1683 583 1729 quam
619 1684 874 1716 murorum
912 1668 1129 1717 ambitus
1170 1669 1481 1718 extendisset.
1558 1669 1684 1718 Erat
1720 1669 1852 1718 enim
1875 1690 1918 1722 so

167 1742 219 1788 et
263 1756 465 1789 suorum
510 1741 850 1790 adulterorum
894 1743 1150 1792 mortifera
1188 1739 1301 1807 (et)
1345 1743 1664 1793 morientium
1710 1743 1850 1792 adul-

165 1816 296 1875 tera3
355 1814 575 1864 libidinis
629 1831 842 1864 summa:
898 1816 992 1865 filii
1045 1816 1197 1865 etiam
1247 1818 1301 1865 in
1353 1817 1602 1866 luxuriam
1654 1817 1850 1868 feruens

165 1888 341 1937 matris
393 1889 577 1938 honore
630 1891 826 1953 sepulto
871 1890 968 1939 sibi
1011 1907 1166 1940 nurus
1213 1892 1387 1941 effecta
1434 1894 1522 1941 est.
1607 1891 1707 1940 Sed
1748 1908 1850 1941 non

287 2071 313 2110 2
344 2068 400 2122 cf.
434 2067 563 2112 Paul.
597 2067 659 2112 ad
695 2069 827 2114 Rom.
863 2073 931 2126 11,
957 2074 1012 2113 33
1188 2075 1243 2114 15
1276 2085 1365 2128 sqq.
1405 2071 1463 2125 cf.
1497 2070 1625 2116 Oros.
1655 2071 1744 2115 112

166 2130 222 2170 21
254 2130 312 2180 cf.
346 2125 474 2171 Oros.
498 2126 520 2170 I
542 2132 584 2182 4,
604 2132 627 2170 7

289 2317 308 2353 1
345 2312 619 2367 operantum
643 2327 678 2355 ω
716 2310 735 2354 1
764 2325 980 2369 suprascr
1002 2327 1058 2357 m.
1083 2327 1167 2357 rec.
1193 2314 1238 2357 P
1256 2327 1295 2358 v.
1315 2328 1364 2370 p.
1390 2317 1495 2370 138,
1511 2316 1573 2358 24
1685 2319 1711 2358 2
1743 2328 1848 2371 pro·

166 2369 302 2413 fundi
334 2369 421 2414 VP
446 2371 494 2427 (a
515 2384 730 2427 suprascr
751 2386 807 2416 m.
832 2373 935 2428 rec.)
965 2371 1196 2429 profunda
1221 2371 1257 2417 S
1328 2371 1562 2430 sapientia
1586 2373 1622 2441 S
1708 2378 1734 2417 3
1767 2373 1849 2417 ad-

169 2430 398 2474 sumserat
420 2430 493 2485 (m
517 2443 602 2474 rec.
625 2443 841 2486 suprascr
861 2432 911 2488 p)
936 2431 982 2474 P
1016 2433 1335 2488 assumpserat
1355 2432 1437 2477 SV
1523 2437 1552 2476 4
1582 2432 1634 2476 in
1656 2431 1706 2476 id
1729 2447 1800 2478 om
1817 2433 1854 2478 S

162 2489 223 2544 cf.
242 2491 506 2546 p.131,13
631 2492 656 2531 5
687 2489 913 2546 reperisse
938 2489 1023 2534 SV
1130 2492 1268 2548 oepat
1291 2491 1328 2536 S
1361 2493 1588 2549 queperat
1618 2494 1849 2550 (suprascr

164 2561 222 2592 m.
245 2562 330 2593 rec.
356 2549 454 2604 coe)
479 2547 526 2590 P
610 2561 774 2592 exorsa
805 2551 906 2593 erat
930 2549 975 2593 V
1080 2554 1106 2592 6
1139 2549 1422 2607 sapientiam
1454 2551 1497 2595 V
1586 2551 1789 2596 solueret
1811 2568 1847 2595 ω

166 2609 262 2658 -rat
283 2607 358 2652 He
463 2611 487 2650 7
514 2605 814 2652 desiderabat
837 2608 873 2652 S
981 2612 1007 2651 8
1040 2607 1283 2664 quiniones
1308 2626 1344 2654 ω
1381 2625 1438 2655 m.
1462 2624 1546 2655 rec.
1571 2612 1642 2667 eff.
1668 2610 1847 2668 opinio-

161 2678 247 2710 nes
271 2665 317 2710 P
432 2670 458 2709 9
490 2664 648 2709 extitit
671 2666 758 2712 SV
853 2666 921 2710 lin
923 2681 1043 2725 guae
1072 2668 1116 2711 V
1215 2667 1435 2714 uoluntas
1468 2669 1513 2715 V
1629 2675 1684 2714 10
1714 2683 1846 2728 prae·

162 2726 354 2782 rumpat
378 2725 422 2769 V
559 2728 612 2768 12
643 2725 875 2779 inunitate
900 2727 946 2770 P
979 2728 1183 2783 (eapwnx
1212 2742 1268 2773 m.
1293 2730 1397 2785 rec.)
1533 2733 1588 2772 13
1619 2728 1847 2787 intelligit

165 2782 248 2828 SV
364 2788 419 2828 14
449 2782 572 2827 inter
594 2784 641 2828 P
681 2783 731 2828 in
755 2785 840 2830 SV
955 2790 1009 2829 15
1039 2785 1310 2831 babiloniae
1334 2787 1421 2833 SV
1541 2792 1595 2832 16
1628 2788 1846 2846 opinione

164 2884 237 2916 om
261 2872 306 2916 V
413 2871 671 2916 semiramis
697 2873 782 2919 SV
806 2889 863 2919 m.
894 2889 978 2920 rec.
1010 2876 1063 2919 iu
1086 2874 1133 2919 P
1275 2880 1329 2919 18
1362 2875 1542 2921 obitum
1566 2862 1639 2892 ⁸¹¹¹
1663 2876 1847 2933 antiqui

165 2929 204 2975 S
338 2935 392 2975 21
427 2930 638 2975 adultero
663 2932 710 2976 P
815 2934 931 2992 <et>
956 2933 1030 2978 He
1139 2933 1371 2979 moriente
1397 2935 1433 2980 S
