<?xml version="1.0" encoding="UTF-8"?>
<!DOCTYPE html PUBLIC "-//W3C//DTD XHTML 1.0 Transitional//EN"
    "http://www.w3.org/TR/xhtml1/DTD/xhtml1-transitional.dtd">
<html xmlns="http://www.w3.org/1999/xhtml" xml:lang="en" lang="en">
 <head>
  <title>
</title>
<meta http-equiv="Content-Type" content="text/html;charset=utf-8" />
  <meta name='ocr-system' content='tesseract 3.04.00' />
  <meta name='ocr-capabilities' content='ocr_page ocr_carea ocr_par ocr_line ocrx_word'/>
</head>
<body>
  <div class='ocr_page' id='page_1' title='image "./operafulg00fulguoft_0184.png"; bbox 0 0 1976 3120; ppageno 0'>
   <div class='ocr_carea' id='block_1_1' title="bbox 139 81 1270 190">
    <p class='ocr_par' dir='ltr' id='par_1_1' title="bbox 139 81 1270 190">
     <span class='ocr_line' id='line_1_1' title="bbox 206 81 1270 134; baseline -0.007 0"><span class='ocrx_word' id='word_1_1' title='bbox 206 81 311 134; x_wconf 88' lang='grc'>164</span> <span class='ocrx_word' id='word_1_2' title='bbox 820 83 900 127; x_wconf 85' lang='lat' dir='ltr'>DE</span> <span class='ocrx_word' id='word_1_3' title='bbox 932 82 1270 128; x_wconf 86' lang='lat' dir='ltr'>AETATIBUS</span> 
     </span>
     <span class='ocr_line' id='line_1_2' title="bbox 139 159 187 190; baseline 0 0"><span class='ocrx_word' id='word_1_4' title='bbox 139 159 187 190; x_wconf 85' lang='lat' dir='ltr'>H.</span> 
     </span>
    </p>
   </div>
   <div class='ocr_carea' id='block_1_2' title="bbox 49 207 1888 2268">
    <p class='ocr_par' dir='ltr' id='par_1_2' title="bbox 49 207 1886 494">
     <span class='ocr_line' id='line_1_3' title="bbox 49 207 1883 272; baseline 0.005 -23"><span class='ocrx_word' id='word_1_5' title='bbox 49 208 391 256; x_wconf 67' lang='lat' dir='ltr'>abesthructus</span> <span class='ocrx_word' id='word_1_6' title='bbox 424 207 754 257; x_wconf 85' lang='lat' dir='ltr'>amarissimos</span> <span class='ocrx_word' id='word_1_7' title='bbox 787 209 866 256; x_wconf 92' lang='lat' dir='ltr'>sui</span> <span class='ocrx_word' id='word_1_8' title='bbox 898 208 1110 258; x_wconf 91' lang='lat' dir='ltr'>comedit</span> <span class='ocrx_word' id='word_1_9' title='bbox 1137 209 1313 257; x_wconf 88' lang='lat' dir='ltr'>erroris</span> <span class='ocrx_word' id='word_1_10' title='bbox 1347 236 1432 272; x_wconf 84' lang='lat'>—,</span> <span class='ocrx_word' id='word_1_11' title='bbox 1461 211 1630 258; x_wconf 87' lang='lat' dir='ltr'>tamen</span> <span class='ocrx_word' id='word_1_12' title='bbox 1659 211 1766 258; x_wconf 87' lang='lat' dir='ltr'>tam</span> <span class='ocrx_word' id='word_1_13' title='bbox 1797 209 1883 258; x_wconf 91' lang='lat' dir='ltr'>diu</span> 
     </span>
     <span class='ocr_line' id='line_1_4' title="bbox 202 282 1882 346; baseline 0.001 -16"><span class='ocrx_word' id='word_1_14' title='bbox 202 282 481 345; x_wconf 85' lang='lat' dir='ltr'>Babylonia</span> <span class='ocrx_word' id='word_1_15' title='bbox 519 283 816 330; x_wconf 88' lang='lat' dir='ltr'>fermentum</span> <span class='ocrx_word' id='word_1_16' title='bbox 862 298 981 330; x_wconf 90' lang='lat' dir='ltr'>suae</span> <span class='ocrx_word' id='word_1_17' title='bbox 1019 283 1272 344; x_wconf 87' lang='lat' dir='ltr'>potentiae</span> <span class='ocrx_word' id='word_1_18' title='bbox 1311 282 1495 346; x_wconf 86' lang='lat' dir='ltr'>tenuit,</span> <span class='ocrx_word' id='word_1_19' title='bbox 1534 283 1686 332; x_wconf 89' lang='lat' dir='ltr'>donec</span> <span class='ocrx_word' id='word_1_20' title='bbox 1724 283 1882 332; x_wconf 88' lang='lat' dir='ltr'>diuini</span> 
     </span>
     <span class='ocr_line' id='line_1_5' title="bbox 202 353 1885 423; baseline 0.001 -18"><span class='ocrx_word' id='word_1_21' title='bbox 202 356 376 420; x_wconf 90' lang='lat' dir='ltr'>populi</span> <span class='ocrx_word' id='word_1_22' title='bbox 420 356 692 419; x_wconf 75' lang='lat' dir='ltr'>templique</span> <span class='ocrx_word' id='word_1_23' title='bbox 740 356 972 405; x_wconf 92' lang='lat' dir='ltr'>dominici</span> <span class='ocrx_word' id='word_1_24' title='bbox 1018 372 1243 418; x_wconf 88' lang='lat' dir='ltr'>saporem</span> <span class='ocrx_word' id='word_1_25' title='bbox 1287 357 1499 419; x_wconf 78' lang='lat' dir='ltr'>praedae</span> <span class='ocrx_word' id='word_1_26' title='bbox 1544 353 1885 423; x_wconf 82' lang='lat' dir='ltr'>toxic&lt;at&gt;um</span> 
     </span>
     <span class='ocr_line' id='line_1_6' title="bbox 205 430 1886 494; baseline 0.001 -16"><span class='ocrx_word' id='word_1_27' title='bbox 205 430 495 494; x_wconf 85' lang='lat' dir='ltr'>degustauit</span> <span class='ocrx_word' id='word_1_28' title='bbox 541 431 809 492; x_wconf 72' lang='lat' dir='ltr'>statimque</span> <span class='ocrx_word' id='word_1_29' title='bbox 856 446 969 478; x_wconf 89' lang='lat' dir='ltr'>cum</span> <span class='ocrx_word' id='word_1_30' title='bbox 1013 431 1226 493; x_wconf 92' lang='lat' dir='ltr'>propriis</span> <span class='ocrx_word' id='word_1_31' title='bbox 1270 430 1513 479; x_wconf 87' lang='lat' dir='ltr'>abortiuit</span> <span class='ocrx_word' id='word_1_32' title='bbox 1550 431 1787 494; x_wconf 87' lang='lat' dir='ltr'>quicquid</span> <span class='ocrx_word' id='word_1_33' title='bbox 1825 448 1886 480; x_wconf 77' lang='lat' dir='ltr'>ex</span> 
     </span>
    </p>

    <p class='ocr_par' dir='ltr' id='par_1_3' title="bbox 158 504 1885 644">
     <span class='ocr_line' id='line_1_7' title="bbox 158 504 1885 567; baseline -0.001 -12"><span class='ocrx_word' id='word_1_34' title='bbox 158 522 180 556; x_wconf 87' lang='lat'><strong>5</strong></span> <span class='ocrx_word' id='word_1_35' title='bbox 204 505 537 554; x_wconf 85' lang='lat' dir='ltr'>sacratissima</span> <span class='ocrx_word' id='word_1_36' title='bbox 575 504 760 567; x_wconf 87' lang='lat' dir='ltr'>praeda</span> <span class='ocrx_word' id='word_1_37' title='bbox 799 504 992 553; x_wconf 87' lang='lat' dir='ltr'>auidior</span> <span class='ocrx_word' id='word_1_38' title='bbox 1029 504 1385 554; x_wconf 68' lang='lat' dir='ltr'>transuorauit.</span> <span class='ocrx_word' id='word_1_39' title='bbox 1460 505 1578 552; x_wconf 84' lang='lat' dir='ltr'>Fuit</span> <span class='ocrx_word' id='word_1_40' title='bbox 1623 506 1753 554; x_wconf 90' lang='lat' dir='ltr'>enim</span> <span class='ocrx_word' id='word_1_41' title='bbox 1794 506 1885 554; x_wconf 84' lang='lat' dir='ltr'>illa</span> 
     </span>
     <span class='ocr_line' id='line_1_8' title="bbox 202 578 1885 644; baseline 0.001 -17"><span class='ocrx_word' id='word_1_42' title='bbox 202 578 501 627; x_wconf 83' lang='lat' dir='ltr'>Israhelitici</span> <span class='ocrx_word' id='word_1_43' title='bbox 546 578 725 626; x_wconf 85' lang='lat' dir='ltr'>uindex</span> <span class='ocrx_word' id='word_1_44' title='bbox 772 579 988 641; x_wconf 79' lang='lat' dir='ltr'>sceleris,</span> <span class='ocrx_word' id='word_1_45' title='bbox 1033 580 1200 627; x_wconf 89' lang='lat' dir='ltr'>tamen</span> <span class='ocrx_word' id='word_1_46' title='bbox 1245 595 1340 627; x_wconf 87' lang='lat' dir='ltr'>uae</span> <span class='ocrx_word' id='word_1_47' title='bbox 1386 578 1464 627; x_wconf 89' lang='lat' dir='ltr'>illi</span> <span class='ocrx_word' id='word_1_48' title='bbox 1501 578 1590 642; x_wconf 92' lang='lat' dir='ltr'>qui</span> <span class='ocrx_word' id='word_1_49' title='bbox 1629 579 1885 644; x_wconf 88' lang='lat' dir='ltr'>flagellum</span> 
     </span>
    </p>

    <p class='ocr_par' dir='ltr' id='par_1_4' title="bbox 107 652 1888 1234">
     <span class='ocr_line' id='line_1_9' title="bbox 107 652 1884 717; baseline 0.001 -16"><span class='ocrx_word' id='word_1_50' title='bbox 107 664 113 667; x_wconf 84' lang='lat'>&#39;</span> <span class='ocrx_word' id='word_1_51' title='bbox 204 653 410 717; x_wconf 83' lang='lat' dir='ltr'>eligitur</span> <span class='ocrx_word' id='word_1_52' title='bbox 453 652 620 713; x_wconf 82' lang='lat' dir='ltr'>malis3</span> <span class='ocrx_word' id='word_1_53' title='bbox 668 654 719 700; x_wconf 93' lang='lat' dir='ltr'>et</span> <span class='ocrx_word' id='word_1_54' title='bbox 764 653 895 701; x_wconf 92' lang='lat' dir='ltr'>sicut</span> <span class='ocrx_word' id='word_1_55' title='bbox 935 652 1250 701; x_wconf 84' lang='lat' dir='ltr'>Hierusalem</span> <span class='ocrx_word' id='word_1_56' title='bbox 1296 668 1410 701; x_wconf 89' lang='lat' dir='ltr'>suas</span> <span class='ocrx_word' id='word_1_57' title='bbox 1458 653 1604 702; x_wconf 90' lang='lat' dir='ltr'>deflet</span> <span class='ocrx_word' id='word_1_58' title='bbox 1648 654 1884 716; x_wconf 82' lang='lat' dir='ltr'>reliquias</span> 
     </span>
     <span class='ocr_line' id='line_1_10' title="bbox 203 727 1884 791; baseline 0.001 -16"><span class='ocrx_word' id='word_1_59' title='bbox 203 728 312 776; x_wconf 89' lang='lat' dir='ltr'>toto</span> <span class='ocrx_word' id='word_1_60' title='bbox 345 727 460 775; x_wconf 90' lang='lat' dir='ltr'>orbe</span> <span class='ocrx_word' id='word_1_61' title='bbox 493 727 736 789; x_wconf 91' lang='lat' dir='ltr'>dispersas</span> <span class='ocrx_word' id='word_1_62' title='bbox 769 728 820 774; x_wconf 90' lang='lat' dir='ltr'>et</span> <span class='ocrx_word' id='word_1_63' title='bbox 850 728 1134 776; x_wconf 89' lang='lat' dir='ltr'>nullatenus</span> <span class='ocrx_word' id='word_1_64' title='bbox 1166 743 1321 790; x_wconf 91' lang='lat' dir='ltr'>usque</span> <span class='ocrx_word' id='word_1_65' title='bbox 1358 727 1412 774; x_wconf 91' lang='lat' dir='ltr'>in</span> <span class='ocrx_word' id='word_1_66' title='bbox 1448 727 1593 776; x_wconf 91' lang='lat' dir='ltr'>hodie</span> <span class='ocrx_word' id='word_1_67' title='bbox 1623 727 1884 791; x_wconf 80' lang='lat' dir='ltr'>redituras,</span> 
     </span>
     <span class='ocr_line' id='line_1_11' title="bbox 205 800 1884 864; baseline 0.001 -15"><span class='ocrx_word' id='word_1_68' title='bbox 205 801 279 849; x_wconf 87' lang='lat' dir='ltr'>ita</span> <span class='ocrx_word' id='word_1_69' title='bbox 308 801 587 864; x_wconf 83' lang='lat' dir='ltr'>Babylonia</span> <span class='ocrx_word' id='word_1_70' title='bbox 619 817 730 849; x_wconf 92' lang='lat' dir='ltr'>cum</span> <span class='ocrx_word' id='word_1_71' title='bbox 769 800 941 849; x_wconf 88' lang='lat' dir='ltr'>alienis</span> <span class='ocrx_word' id='word_1_72' title='bbox 981 801 1133 849; x_wconf 90' lang='lat' dir='ltr'>etiam</span> <span class='ocrx_word' id='word_1_73' title='bbox 1170 817 1286 850; x_wconf 88' lang='lat' dir='ltr'>suas</span> <span class='ocrx_word' id='word_1_74' title='bbox 1325 801 1501 850; x_wconf 90' lang='lat' dir='ltr'>aborsa</span> <span class='ocrx_word' id='word_1_75' title='bbox 1532 803 1606 850; x_wconf 88' lang='lat' dir='ltr'>est</span> <span class='ocrx_word' id='word_1_76' title='bbox 1636 802 1884 864; x_wconf 85' lang='lat' dir='ltr'>pereundo</span> 
     </span>
     <span class='ocr_line' id='line_1_12' title="bbox 138 875 1888 939; baseline 0 -14"><span class='ocrx_word' id='word_1_77' title='bbox 138 893 182 925; x_wconf 89' lang='lat'>10</span> <span class='ocrx_word' id='word_1_78' title='bbox 212 875 428 923; x_wconf 85' lang='lat' dir='ltr'>diuitias.</span> <span class='ocrx_word' id='word_1_79' title='bbox 521 875 596 923; x_wconf 83' lang='lat' dir='ltr'>Ea</span> <span class='ocrx_word' id='word_1_80' title='bbox 655 875 812 939; x_wconf 84' lang='lat' dir='ltr'>igitur</span> <span class='ocrx_word' id='word_1_81' title='bbox 863 877 1156 938; x_wconf 84' lang='lat' dir='ltr'>tempestate</span> <span class='ocrx_word' id='word_1_82' title='bbox 1217 876 1419 923; x_wconf 86' lang='lat' dir='ltr'>fortuna</span> <span class='ocrx_word' id='word_1_83' title='bbox 1477 875 1692 938; x_wconf 91' lang='lat' dir='ltr'>quodam</span> <span class='ocrx_word' id='word_1_84' title='bbox 1747 878 1888 925; x_wconf 82' lang='lat' dir='ltr'>aestu</span> 
     </span>
     <span class='ocr_line' id='line_1_13' title="bbox 204 949 1883 1013; baseline 0.001 -17"><span class='ocrx_word' id='word_1_85' title='bbox 204 949 541 997; x_wconf 84' lang='lat' dir='ltr'>turbulentiae</span> <span class='ocrx_word' id='word_1_86' title='bbox 581 949 843 1012; x_wconf 85' lang='lat' dir='ltr'>grauidata</span> <span class='ocrx_word' id='word_1_87' title='bbox 882 950 934 996; x_wconf 93' lang='lat' dir='ltr'>in</span> <span class='ocrx_word' id='word_1_88' title='bbox 971 965 1126 1011; x_wconf 91' lang='lat' dir='ltr'>paruo</span> <span class='ocrx_word' id='word_1_89' title='bbox 1165 949 1489 998; x_wconf 81' lang='lat' dir='ltr'>Macedonum</span> <span class='ocrx_word' id='word_1_90' title='bbox 1525 966 1677 1013; x_wconf 84' lang='lat' dir='ltr'>regno</span> <span class='ocrx_word' id='word_1_91' title='bbox 1717 949 1883 998; x_wconf 86' lang='lat' dir='ltr'>claris-</span> 
     </span>
     <span class='ocr_line' id='line_1_14' title="bbox 205 1023 1884 1087; baseline 0 -16"><span class='ocrx_word' id='word_1_92' title='bbox 205 1023 387 1071; x_wconf 86' lang='lat' dir='ltr'>simum</span> <span class='ocrx_word' id='word_1_93' title='bbox 425 1024 618 1086; x_wconf 90' lang='lat' dir='ltr'>peperit</span> <span class='ocrx_word' id='word_1_94' title='bbox 656 1024 809 1071; x_wconf 89' lang='lat' dir='ltr'>nefas.</span> <span class='ocrx_word' id='word_1_95' title='bbox 878 1024 1108 1085; x_wconf 89' lang='lat' dir='ltr'>Namque</span> <span class='ocrx_word' id='word_1_96' title='bbox 1143 1023 1422 1072; x_wconf 84' lang='lat' dir='ltr'>Alexander</span> <span class='ocrx_word' id='word_1_97' title='bbox 1460 1023 1611 1071; x_wconf 90' lang='lat' dir='ltr'>dubia</span> <span class='ocrx_word' id='word_1_98' title='bbox 1649 1023 1739 1072; x_wconf 89' lang='lat' dir='ltr'>sub</span> <span class='ocrx_word' id='word_1_99' title='bbox 1780 1023 1884 1087; x_wconf 91' lang='lat' dir='ltr'>opi-</span> 
     </span>
     <span class='ocr_line' id='line_1_15' title="bbox 205 1096 1883 1160; baseline 0.001 -16"><span class='ocrx_word' id='word_1_100' title='bbox 205 1097 352 1145; x_wconf 92' lang='lat' dir='ltr'>nione</span> <span class='ocrx_word' id='word_1_101' title='bbox 389 1096 611 1159; x_wconf 90' lang='lat' dir='ltr'>Philippi</span> <span class='ocrx_word' id='word_1_102' title='bbox 647 1097 930 1145; x_wconf 90' lang='lat' dir='ltr'>Macedonis</span> <span class='ocrx_word' id='word_1_103' title='bbox 968 1097 1098 1145; x_wconf 88' lang='lat' dir='ltr'>filius</span> <span class='ocrx_word' id='word_1_104' title='bbox 1136 1097 1315 1146; x_wconf 90' lang='lat' dir='ltr'>incerti</span> <span class='ocrx_word' id='word_1_105' title='bbox 1343 1097 1500 1160; x_wconf 81' lang='lat' dir='ltr'>patris</span> <span class='ocrx_word' id='word_1_106' title='bbox 1541 1097 1742 1145; x_wconf 91' lang='lat' dir='ltr'>crimine</span> <span class='ocrx_word' id='word_1_107' title='bbox 1780 1113 1883 1146; x_wconf 84' lang='lat' dir='ltr'>ma-</span> 
     </span>
     <span class='ocr_line' id='line_1_16' title="bbox 206 1170 1885 1234; baseline 0.001 -15"><span class='ocrx_word' id='word_1_108' title='bbox 206 1172 400 1219; x_wconf 89' lang='lat' dir='ltr'>culatus</span> <span class='ocrx_word' id='word_1_109' title='bbox 427 1171 661 1234; x_wconf 82' lang='lat' dir='ltr'>exsurgit.</span> <span class='ocrx_word' id='word_1_110' title='bbox 710 1170 923 1227; x_wconf 82' lang='lat' dir='ltr'>Quidam</span> <span class='ocrx_word' id='word_1_111' title='bbox 947 1171 1078 1219; x_wconf 84' lang='lat' dir='ltr'>enim</span> <span class='ocrx_word' id='word_1_112' title='bbox 1102 1172 1283 1234; x_wconf 86' lang='lat' dir='ltr'>ferunt,</span> <span class='ocrx_word' id='word_1_113' title='bbox 1307 1171 1584 1220; x_wconf 90' lang='lat' dir='ltr'>Dictanabo</span> <span class='ocrx_word' id='word_1_114' title='bbox 1607 1173 1885 1234; x_wconf 86' lang='lat' dir='ltr'>uaporante</span> 
     </span>
    </p>

    <p class='ocr_par' dir='ltr' id='par_1_5' title="bbox 135 1244 1888 2268">
     <span class='ocr_line' id='line_1_17' title="bbox 141 1244 1884 1309; baseline -0.001 -13"><span class='ocrx_word' id='word_1_115' title='bbox 141 1262 182 1296; x_wconf 88' lang='lat'>15</span> <span class='ocrx_word' id='word_1_116' title='bbox 205 1245 438 1307; x_wconf 85' lang='lat' dir='ltr'>libidinis,</span> <span class='ocrx_word' id='word_1_117' title='bbox 459 1245 765 1294; x_wconf 91' lang='lat' dir='ltr'>clandestino</span> <span class='ocrx_word' id='word_1_118' title='bbox 784 1244 1065 1307; x_wconf 89' lang='lat' dir='ltr'>Olimpiada</span> <span class='ocrx_word' id='word_1_119' title='bbox 1081 1245 1272 1309; x_wconf 88' lang='lat' dir='ltr'>magico</span> <span class='ocrx_word' id='word_1_120' title='bbox 1290 1245 1613 1308; x_wconf 90' lang='lat' dir='ltr'>conpressisse</span> <span class='ocrx_word' id='word_1_121' title='bbox 1635 1245 1884 1309; x_wconf 84' lang='lat' dir='ltr'>figmento,</span> 
     </span>
     <span class='ocr_line' id='line_1_18' title="bbox 208 1319 1885 1382; baseline 0 -15"><span class='ocrx_word' id='word_1_122' title='bbox 208 1319 295 1367; x_wconf 87' lang='lat' dir='ltr'>alii</span> <span class='ocrx_word' id='word_1_123' title='bbox 335 1319 467 1381; x_wconf 91' lang='lat' dir='ltr'>quod</span> <span class='ocrx_word' id='word_1_124' title='bbox 505 1320 729 1368; x_wconf 85' lang='lat' dir='ltr'>draconis</span> <span class='ocrx_word' id='word_1_125' title='bbox 770 1319 1071 1382; x_wconf 85' lang='lat' dir='ltr'>squamifero</span> <span class='ocrx_word' id='word_1_126' title='bbox 1110 1320 1438 1368; x_wconf 87' lang='lat' dir='ltr'>fermentante</span> <span class='ocrx_word' id='word_1_127' title='bbox 1471 1320 1712 1381; x_wconf 84' lang='lat' dir='ltr'>conplexu</span> <span class='ocrx_word' id='word_1_128' title='bbox 1748 1319 1885 1367; x_wconf 88' lang='lat' dir='ltr'>uiru-</span> 
     </span>
     <span class='ocr_line' id='line_1_19' title="bbox 205 1392 1885 1456; baseline 0.001 -16"><span class='ocrx_word' id='word_1_129' title='bbox 205 1394 396 1441; x_wconf 85' lang='lat' dir='ltr'>lentum</span> <span class='ocrx_word' id='word_1_130' title='bbox 435 1394 643 1441; x_wconf 85' lang='lat' dir='ltr'>ediderit</span> <span class='ocrx_word' id='word_1_131' title='bbox 687 1393 953 1456; x_wconf 87' lang='lat' dir='ltr'>grauidata</span> <span class='ocrx_word' id='word_1_132' title='bbox 991 1394 1267 1456; x_wconf 85' lang='lat' dir='ltr'>puerulum.</span> <span class='ocrx_word' id='word_1_133' title='bbox 1345 1392 1442 1441; x_wconf 83' lang='lat' dir='ltr'>Sed</span> <span class='ocrx_word' id='word_1_134' title='bbox 1482 1393 1600 1456; x_wconf 89' lang='lat' dir='ltr'>quid</span> <span class='ocrx_word' id='word_1_135' title='bbox 1643 1392 1720 1441; x_wconf 86' lang='lat' dir='ltr'>his</span> <span class='ocrx_word' id='word_1_136' title='bbox 1763 1407 1885 1456; x_wconf 89' lang='lat' dir='ltr'>opus</span> 
     </span>
     <span class='ocr_line' id='line_1_20' title="bbox 206 1467 1886 1531; baseline 0 -16"><span class='ocrx_word' id='word_1_137' title='bbox 206 1470 302 1516; x_wconf 86' lang='lat' dir='ltr'>est:</span> <span class='ocrx_word' id='word_1_138' title='bbox 350 1484 408 1515; x_wconf 84' lang='lat' dir='ltr'>ex</span> <span class='ocrx_word' id='word_1_139' title='bbox 455 1483 552 1530; x_wconf 93' lang='lat' dir='ltr'>quo</span> <span class='ocrx_word' id='word_1_140' title='bbox 591 1467 814 1530; x_wconf 91' lang='lat' dir='ltr'>Philippi</span> <span class='ocrx_word' id='word_1_141' title='bbox 857 1467 910 1514; x_wconf 90' lang='lat' dir='ltr'>in</span> <span class='ocrx_word' id='word_1_142' title='bbox 951 1468 1043 1516; x_wconf 92' lang='lat' dir='ltr'>hoc</span> <span class='ocrx_word' id='word_1_143' title='bbox 1081 1468 1279 1531; x_wconf 87' lang='lat' dir='ltr'>negotio</span> <span class='ocrx_word' id='word_1_144' title='bbox 1317 1467 1577 1516; x_wconf 84' lang='lat' dir='ltr'>uacillauit</span> <span class='ocrx_word' id='word_1_145' title='bbox 1615 1467 1886 1515; x_wconf 86' lang='lat' dir='ltr'>auctoritas</span> 
     </span>
     <span class='ocr_line' id='line_1_21' title="bbox 206 1540 1888 1604; baseline 0.001 -16"><span class='ocrx_word' id='word_1_146' title='bbox 206 1540 385 1604; x_wconf 82' lang='lat' dir='ltr'>patris,</span> <span class='ocrx_word' id='word_1_147' title='bbox 439 1542 577 1589; x_wconf 89' lang='lat' dir='ltr'>nulla</span> <span class='ocrx_word' id='word_1_148' title='bbox 622 1542 879 1589; x_wconf 93' lang='lat' dir='ltr'>nominum</span> <span class='ocrx_word' id='word_1_149' title='bbox 931 1542 1155 1591; x_wconf 91' lang='lat' dir='ltr'>inuentio</span> <span class='ocrx_word' id='word_1_150' title='bbox 1203 1557 1325 1604; x_wconf 92' lang='lat' dir='ltr'>opus</span> <span class='ocrx_word' id='word_1_151' title='bbox 1381 1543 1456 1590; x_wconf 91' lang='lat' dir='ltr'>est</span> <span class='ocrx_word' id='word_1_152' title='bbox 1502 1541 1566 1589; x_wconf 89' lang='lat' dir='ltr'>ad</span> <span class='ocrx_word' id='word_1_153' title='bbox 1612 1541 1888 1590; x_wconf 88' lang='lat' dir='ltr'>ornandum</span> 
     </span>
     <span class='ocr_line' id='line_1_22' title="bbox 141 1614 1887 1679; baseline -0.001 -15"><span class='ocrx_word' id='word_1_154' title='bbox 141 1633 184 1665; x_wconf 82' lang='lat'>20</span> <span class='ocrx_word' id='word_1_155' title='bbox 208 1615 510 1662; x_wconf 87' lang='lat' dir='ltr'>adulterium</span> <span class='ocrx_word' id='word_1_156' title='bbox 563 1615 840 1679; x_wconf 80' lang='lat' dir='ltr'>genetricis.</span> <span class='ocrx_word' id='word_1_157' title='bbox 923 1615 1118 1663; x_wconf 92' lang='lat' dir='ltr'>Habere</span> <span class='ocrx_word' id='word_1_158' title='bbox 1165 1616 1296 1663; x_wconf 91' lang='lat' dir='ltr'>enim</span> <span class='ocrx_word' id='word_1_159' title='bbox 1341 1631 1440 1664; x_wconf 93' lang='lat' dir='ltr'>non</span> <span class='ocrx_word' id='word_1_160' title='bbox 1493 1615 1676 1663; x_wconf 86' lang='lat' dir='ltr'>dicitur</span> <span class='ocrx_word' id='word_1_161' title='bbox 1720 1614 1887 1662; x_wconf 87' lang='lat' dir='ltr'>uirum</span> 
     </span>
     <span class='ocr_line' id='line_1_23' title="bbox 207 1689 1886 1752; baseline -0.001 -16"><span class='ocrx_word' id='word_1_162' title='bbox 207 1689 288 1737; x_wconf 89' lang='lat' dir='ltr'>cui</span> <span class='ocrx_word' id='word_1_163' title='bbox 327 1692 598 1751; x_wconf 90' lang='lat' dir='ltr'>suppetunt</span> <span class='ocrx_word' id='word_1_164' title='bbox 635 1689 794 1737; x_wconf 83' lang='lat' dir='ltr'>multa</span> <span class='ocrx_word' id='word_1_165' title='bbox 831 1689 1031 1737; x_wconf 91' lang='lat' dir='ltr'>nomina</span> <span class='ocrx_word' id='word_1_166' title='bbox 1068 1690 1375 1737; x_wconf 90' lang='lat' dir='ltr'>maritorum.</span> <span class='ocrx_word' id='word_1_167' title='bbox 1436 1689 1531 1736; x_wconf 90' lang='lat' dir='ltr'>Hic</span> <span class='ocrx_word' id='word_1_168' title='bbox 1562 1705 1676 1752; x_wconf 87' lang='lat' dir='ltr'>ergo</span> <span class='ocrx_word' id='word_1_169' title='bbox 1715 1704 1886 1750; x_wconf 91' lang='lat' dir='ltr'>quam-</span> 
     </span>
     <span class='ocr_line' id='line_1_24' title="bbox 135 1757 1887 1826; baseline -0.001 -16"><span class='ocrx_word' id='word_1_170' title='bbox 135 1762 283 1816; x_wconf 82' lang='lat' dir='ltr'>38uis</span> <span class='ocrx_word' id='word_1_171' title='bbox 345 1765 487 1825; x_wconf 86' lang='lat' dir='ltr'>patre</span> <span class='ocrx_word' id='word_1_172' title='bbox 549 1763 804 1824; x_wconf 85' lang='lat' dir='ltr'>tyrannice</span> <span class='ocrx_word' id='word_1_173' title='bbox 859 1762 1218 1824; x_wconf 85' lang='lat' dir='ltr'>crudeliterque</span> <span class='ocrx_word' id='word_1_174' title='bbox 1253 1757 1532 1826; x_wconf 72' lang='lat' dir='ltr'>{regnante</span> <span class='ocrx_word' id='word_1_175' title='bbox 1593 1762 1887 1824; x_wconf 89' lang='lat' dir='ltr'>ampliatum</span> 
     </span>
     <span class='ocr_line' id='line_1_25' title="bbox 208 1835 1887 1900; baseline 0.001 -17"><span class='ocrx_word' id='word_1_176' title='bbox 208 1837 532 1885; x_wconf 88' lang='lat' dir='ltr'>Macedonum</span> <span class='ocrx_word' id='word_1_177' title='bbox 554 1853 763 1900; x_wconf 86' lang='lat' dir='ltr'>regnum</span> <span class='ocrx_word' id='word_1_178' title='bbox 788 1836 1070 1898; x_wconf 85' lang='lat' dir='ltr'>susceperit,</span> <span class='ocrx_word' id='word_1_179' title='bbox 1101 1839 1269 1884; x_wconf 91' lang='lat' dir='ltr'>tamen</span> <span class='ocrx_word' id='word_1_180' title='bbox 1292 1837 1425 1884; x_wconf 90' lang='lat' dir='ltr'>ultra</span> <span class='ocrx_word' id='word_1_181' title='bbox 1448 1835 1621 1883; x_wconf 89' lang='lat' dir='ltr'>mundi</span> <span class='ocrx_word' id='word_1_182' title='bbox 1650 1835 1887 1885; x_wconf 86' lang='lat' dir='ltr'>terminos</span> 
     </span>
     <span class='ocr_line' id='line_1_26' title="bbox 211 1909 1887 1972; baseline -0.001 -14"><span class='ocrx_word' id='word_1_183' title='bbox 211 1913 444 1959; x_wconf 86' lang='lat' dir='ltr'>aestuans</span> <span class='ocrx_word' id='word_1_184' title='bbox 490 1910 774 1958; x_wconf 88' lang='lat' dir='ltr'>insatiabile</span> <span class='ocrx_word' id='word_1_185' title='bbox 819 1909 1082 1971; x_wconf 89' lang='lat' dir='ltr'>imperium</span> <span class='ocrx_word' id='word_1_186' title='bbox 1134 1910 1428 1972; x_wconf 81' lang='lat' dir='ltr'>protelauit3</span> <span class='ocrx_word' id='word_1_187' title='bbox 1482 1926 1580 1958; x_wconf 94' lang='lat' dir='ltr'>non</span> <span class='ocrx_word' id='word_1_188' title='bbox 1627 1911 1887 1958; x_wconf 91' lang='lat' dir='ltr'>contentus</span> 
     </span>
     <span class='ocr_line' id='line_1_27' title="bbox 144 1983 1888 2046; baseline -0.003 -11"><span class='ocrx_word' id='word_1_189' title='bbox 144 2001 186 2035; x_wconf 85' lang='lat'>25</span> <span class='ocrx_word' id='word_1_190' title='bbox 208 1984 262 2031; x_wconf 91' lang='lat' dir='ltr'>in</span> <span class='ocrx_word' id='word_1_191' title='bbox 298 1983 351 2032; x_wconf 90' lang='lat' dir='ltr'>id</span> <span class='ocrx_word' id='word_1_192' title='bbox 390 1984 522 2046; x_wconf 91' lang='lat' dir='ltr'>quod</span> <span class='ocrx_word' id='word_1_193' title='bbox 558 1986 701 2046; x_wconf 90' lang='lat' dir='ltr'>pater</span> <span class='ocrx_word' id='word_1_194' title='bbox 739 1983 927 2031; x_wconf 90' lang='lat' dir='ltr'>crudeli</span> <span class='ocrx_word' id='word_1_195' title='bbox 964 1984 1227 2045; x_wconf 82' lang='lat' dir='ltr'>tyrannide</span> <span class='ocrx_word' id='word_1_196' title='bbox 1266 1986 1576 2046; x_wconf 86' lang='lat' dir='ltr'>peruaserat,</span> <span class='ocrx_word' id='word_1_197' title='bbox 1624 1983 1710 2031; x_wconf 90' lang='lat' dir='ltr'>sed</span> <span class='ocrx_word' id='word_1_198' title='bbox 1746 2000 1888 2031; x_wconf 90' lang='lat' dir='ltr'>mun-</span> 
     </span>
     <span class='ocr_line' id='line_1_28' title="bbox 210 2056 1887 2119; baseline -0.001 -14"><span class='ocrx_word' id='word_1_199' title='bbox 210 2058 330 2105; x_wconf 91' lang='lat' dir='ltr'>dum</span> <span class='ocrx_word' id='word_1_200' title='bbox 368 2058 461 2106; x_wconf 89' lang='lat' dir='ltr'>sibi</span> <span class='ocrx_word' id='word_1_201' title='bbox 497 2057 776 2106; x_wconf 88' lang='lat' dir='ltr'>breuiorem</span> <span class='ocrx_word' id='word_1_202' title='bbox 815 2057 1080 2105; x_wconf 89' lang='lat' dir='ltr'>aestimans</span> <span class='ocrx_word' id='word_1_203' title='bbox 1119 2058 1254 2105; x_wconf 92' lang='lat' dir='ltr'>ultra</span> <span class='ocrx_word' id='word_1_204' title='bbox 1294 2058 1546 2106; x_wconf 86' lang='lat' dir='ltr'>saeculum</span> <span class='ocrx_word' id='word_1_205' title='bbox 1585 2056 1777 2119; x_wconf 90' lang='lat' dir='ltr'>aliquid</span> <span class='ocrx_word' id='word_1_206' title='bbox 1809 2073 1887 2105; x_wconf 86' lang='lat' dir='ltr'>ex-</span> 
     </span>
     <span class='ocr_line' id='line_1_29' title="bbox 212 2130 1888 2195; baseline -0.001 -16"><span class='ocrx_word' id='word_1_207' title='bbox 212 2132 451 2194; x_wconf 90' lang='lat' dir='ltr'>quirebat.</span> <span class='ocrx_word' id='word_1_208' title='bbox 506 2132 574 2180; x_wconf 82' lang='lat' dir='ltr'>Et</span> <span class='ocrx_word' id='word_1_209' title='bbox 596 2132 813 2194; x_wconf 93' lang='lat' dir='ltr'>primum</span> <span class='ocrx_word' id='word_1_210' title='bbox 845 2131 1043 2193; x_wconf 87' lang='lat' dir='ltr'>quidem</span> <span class='ocrx_word' id='word_1_211' title='bbox 1065 2131 1409 2180; x_wconf 88' lang='lat' dir='ltr'>Babilonicum</span> <span class='ocrx_word' id='word_1_212' title='bbox 1438 2147 1647 2195; x_wconf 82' lang='lat' dir='ltr'>regnum</span> <span class='ocrx_word' id='word_1_213' title='bbox 1679 2130 1888 2193; x_wconf 87' lang='lat' dir='ltr'>arripuit</span> 
     </span>
     <span class='ocr_line' id='line_1_30' title="bbox 208 2203 1887 2268; baseline 0.001 -15"><span class='ocrx_word' id='word_1_214' title='bbox 208 2206 344 2253; x_wconf 92' lang='lat' dir='ltr'>mille</span> <span class='ocrx_word' id='word_1_215' title='bbox 385 2222 625 2254; x_wconf 90' lang='lat' dir='ltr'>annorum</span> <span class='ocrx_word' id='word_1_216' title='bbox 663 2205 921 2254; x_wconf 88' lang='lat' dir='ltr'>dominatu</span> <span class='ocrx_word' id='word_1_217' title='bbox 958 2205 1202 2268; x_wconf 87' lang='lat' dir='ltr'>fulcitum,</span> <span class='ocrx_word' id='word_1_218' title='bbox 1241 2208 1318 2254; x_wconf 89' lang='lat' dir='ltr'>tot</span> <span class='ocrx_word' id='word_1_219' title='bbox 1347 2204 1613 2267; x_wconf 87' lang='lat' dir='ltr'>triumphis</span> <span class='ocrx_word' id='word_1_220' title='bbox 1645 2220 1700 2252; x_wconf 88' lang='lat' dir='ltr'>ac</span> <span class='ocrx_word' id='word_1_221' title='bbox 1731 2203 1887 2254; x_wconf 87' lang='lat' dir='ltr'>totius</span> 
     </span>
    </p>
   </div>
   <div class='ocr_carea' id='block_1_3' title="bbox 331 2316 1070 2373">
    <p class='ocr_par' dir='ltr' id='par_1_6' title="bbox 331 2316 1070 2373">
     <span class='ocr_line' id='line_1_31' title="bbox 331 2316 1070 2373; baseline 0.001 -13"><span class='ocrx_word' id='word_1_222' title='bbox 331 2322 384 2360; x_wconf 84' lang='lat'>12</span> <span class='ocrx_word' id='word_1_223' title='bbox 409 2331 498 2373; x_wconf 78' lang='lat' dir='ltr'>sqq.</span> <span class='ocrx_word' id='word_1_224' title='bbox 532 2319 588 2372; x_wconf 79' lang='lat' dir='ltr'>cf.</span> <span class='ocrx_word' id='word_1_225' title='bbox 621 2317 705 2361; x_wconf 90' lang='lat' dir='ltr'>Iul.</span> <span class='ocrx_word' id='word_1_226' title='bbox 730 2316 884 2362; x_wconf 90' lang='lat' dir='ltr'>Valer.</span> <span class='ocrx_word' id='word_1_227' title='bbox 910 2318 931 2360; x_wconf 93' lang='lat' dir='ltr'>I</span> <span class='ocrx_word' id='word_1_228' title='bbox 956 2322 1038 2360; x_wconf 92' lang='grc'>2-</span> <span class='ocrx_word' id='word_1_229' title='bbox 1045 2322 1070 2361; x_wconf 90' lang='grc'>6</span> 
     </span>
    </p>
   </div>
   <div class='ocr_carea' id='block_1_4' title="bbox 211 2284 565 2290">
    <p class='ocr_par' dir='ltr' id='par_1_7' title="bbox 211 2284 565 2290">
     <span class='ocr_line' id='line_1_32' title="bbox 211 2284 565 2290; baseline 0 0"><span class='ocrx_word' id='word_1_230' title='bbox 211 2284 565 2290; x_wconf 95' lang='lat' dir='ltr'> </span> 
     </span>
    </p>
   </div>
   <div class='ocr_carea' id='block_1_5' title="bbox 213 2396 567 2402">
    <p class='ocr_par' dir='ltr' id='par_1_8' title="bbox 213 2396 567 2402">
     <span class='ocr_line' id='line_1_33' title="bbox 213 2396 567 2402; baseline 0 0"><span class='ocrx_word' id='word_1_231' title='bbox 213 2396 567 2402; x_wconf 95' lang='lat' dir='ltr'> </span> 
     </span>
    </p>
   </div>
   <div class='ocr_carea' id='block_1_6' title="bbox 212 2432 1890 2551">
    <p class='ocr_par' dir='ltr' id='par_1_9' title="bbox 212 2432 1890 2551">
     <span class='ocr_line' id='line_1_34' title="bbox 332 2432 1889 2492; baseline -0.001 -14"><span class='ocrx_word' id='word_1_232' title='bbox 332 2441 354 2478; x_wconf 94' lang='grc'>1</span> <span class='ocrx_word' id='word_1_233' title='bbox 388 2436 575 2479; x_wconf 87' lang='lat' dir='ltr'>terroris</span> <span class='ocrx_word' id='word_1_234' title='bbox 600 2435 647 2479; x_wconf 94' lang='lat' dir='ltr'><em>P</em></span> <span class='ocrx_word' id='word_1_235' title='bbox 675 2449 703 2480; x_wconf 82' lang='lat'><em>*</em></span> <span class='ocrx_word' id='word_1_236' title='bbox 721 2434 886 2480; x_wconf 82' lang='lat' dir='ltr'>erroris</span> <span class='ocrx_word' id='word_1_237' title='bbox 918 2436 1060 2492; x_wconf 80' lang='lat' dir='ltr'>(eraso</span> <span class='ocrx_word' id='word_1_238' title='bbox 1087 2436 1123 2491; x_wconf 88' lang='lat' dir='ltr'>t)</span> <span class='ocrx_word' id='word_1_239' title='bbox 1148 2435 1194 2479; x_wconf 84' lang='lat' dir='ltr'><em>R</em></span> <span class='ocrx_word' id='word_1_240' title='bbox 1285 2439 1311 2478; x_wconf 92' lang='grc'><strong>2</strong></span> <span class='ocrx_word' id='word_1_241' title='bbox 1335 2433 1577 2478; x_wconf 89' lang='lat' dir='ltr'>babilonia</span> <span class='ocrx_word' id='word_1_242' title='bbox 1600 2433 1637 2479; x_wconf 98' lang='lat' dir='ltr'><strong><em>S</em></strong></span> <span class='ocrx_word' id='word_1_243' title='bbox 1720 2438 1746 2476; x_wconf 89' lang='lat'><strong>3</strong></span> <span class='ocrx_word' id='word_1_244' title='bbox 1770 2432 1889 2477; x_wconf 84' lang='lat' dir='ltr'>toxi-</span> 
     </span>
     <span class='ocr_line' id='line_1_35' title="bbox 212 2491 1890 2551; baseline -0.002 -12"><span class='ocrx_word' id='word_1_245' title='bbox 212 2509 317 2539; x_wconf 91' lang='lat' dir='ltr'>cum</span> <span class='ocrx_word' id='word_1_246' title='bbox 342 2512 376 2538; x_wconf 90' lang='grc' dir='ltr'><em>ω</em></span> <span class='ocrx_word' id='word_1_247' title='bbox 423 2495 681 2539; x_wconf 85' lang='lat' dir='ltr'>toxicatum</span> <span class='ocrx_word' id='word_1_248' title='bbox 706 2497 777 2539; x_wconf 82' lang='lat' dir='ltr'>He</span> <span class='ocrx_word' id='word_1_249' title='bbox 809 2496 865 2550; x_wconf 80' lang='lat' dir='ltr'>cf.</span> <span class='ocrx_word' id='word_1_250' title='bbox 893 2509 942 2551; x_wconf 78' lang='lat' dir='ltr'>p.</span> <span class='ocrx_word' id='word_1_251' title='bbox 970 2497 1043 2549; x_wconf 87' lang='grc'>34,</span> <span class='ocrx_word' id='word_1_252' title='bbox 1066 2497 1095 2538; x_wconf 91' lang='lat'><em>3</em></span> <span class='ocrx_word' id='word_1_253' title='bbox 1249 2498 1278 2536; x_wconf 79' lang='lat'>4</span> <span class='ocrx_word' id='word_1_254' title='bbox 1309 2492 1517 2538; x_wconf 83' lang='lat' dir='ltr'>abortuit</span> <span class='ocrx_word' id='word_1_255' title='bbox 1538 2493 1584 2538; x_wconf 88' lang='lat' dir='ltr'><em>R</em></span> <span class='ocrx_word' id='word_1_256' title='bbox 1694 2491 1890 2548; x_wconf 85' lang='lat' dir='ltr'>quiquid</span> 
     </span>
    </p>
   </div>
   <div class='ocr_carea' id='block_1_7' title="bbox 213 2554 1891 2623">
    <p class='ocr_par' dir='ltr' id='par_1_10' title="bbox 213 2554 1891 2623">
     <span class='ocr_line' id='line_1_36' title="bbox 213 2554 1891 2623; baseline -0.001 -13"><span class='ocrx_word' id='word_1_257' title='bbox 213 2567 260 2611; x_wconf 91' lang='lat' dir='ltr'><em>P</em></span> <span class='ocrx_word' id='word_1_258' title='bbox 301 2566 516 2623; x_wconf 89' lang='lat' dir='ltr'>quicquic</span> <span class='ocrx_word' id='word_1_259' title='bbox 540 2568 587 2612; x_wconf 89' lang='lat' dir='ltr'><strong><em>R</em></strong></span> <span class='ocrx_word' id='word_1_260' title='bbox 715 2573 739 2612; x_wconf 86' lang='lat'>5</span> <span class='ocrx_word' id='word_1_261' title='bbox 773 2568 975 2612; x_wconf 87' lang='lat' dir='ltr'>aluidior</span> <span class='ocrx_word' id='word_1_262' title='bbox 997 2568 1044 2611; x_wconf 92' lang='lat' dir='ltr'><em>P</em></span> <span class='ocrx_word' id='word_1_263' title='bbox 1169 2571 1195 2610; x_wconf 87' lang='lat'><strong>6</strong></span> <span class='ocrx_word' id='word_1_264' title='bbox 1224 2554 1412 2611; x_wconf 64' lang='lat' dir='ltr'>i‘sHTtici</span> <span class='ocrx_word' id='word_1_265' title='bbox 1435 2566 1473 2612; x_wconf 92' lang='lat' dir='ltr'><strong><em>S</em></strong></span> <span class='ocrx_word' id='word_1_266' title='bbox 1587 2571 1612 2610; x_wconf 82' lang='lat'>7</span> <span class='ocrx_word' id='word_1_267' title='bbox 1642 2565 1891 2610; x_wconf 87' lang='lat' dir='ltr'>ierusalem</span> 
     </span>
    </p>
   </div>
   <div class='ocr_carea' id='block_1_8' title="bbox 212 2628 1890 2934">
    <p class='ocr_par' dir='ltr' id='par_1_11' title="bbox 212 2628 1890 2934">
     <span class='ocr_line' id='line_1_37' title="bbox 212 2628 1829 2687; baseline -0.001 -2"><span class='ocrx_word' id='word_1_268' title='bbox 212 2641 260 2686; x_wconf 83' lang='lat' dir='ltr'><em>R</em></span> <span class='ocrx_word' id='word_1_269' title='bbox 301 2628 436 2684; x_wconf 65' lang='lat' dir='ltr'>iffi</span> <span class='ocrx_word' id='word_1_270' title='bbox 460 2641 495 2683; x_wconf 59' lang='lat' dir='ltr'>q</span> <span class='ocrx_word' id='word_1_271' title='bbox 578 2641 711 2685; x_wconf 66' lang='lat' dir='ltr'>reflat</span> <span class='ocrx_word' id='word_1_272' title='bbox 733 2642 830 2687; x_wconf 83' lang='lat' dir='ltr'>PR</span> <span class='ocrx_word' id='word_1_273' title='bbox 927 2648 952 2686; x_wconf 86' lang='lat'>9</span> <span class='ocrx_word' id='word_1_274' title='bbox 983 2640 1226 2686; x_wconf 79' lang='lat' dir='ltr'>babilonia</span> <span class='ocrx_word' id='word_1_275' title='bbox 1250 2641 1286 2685; x_wconf 85' lang='lat' dir='ltr'>s</span> <span class='ocrx_word' id='word_1_276' title='bbox 1381 2644 1436 2683; x_wconf 91' lang='lat'>10</span> <span class='ocrx_word' id='word_1_277' title='bbox 1468 2642 1573 2683; x_wconf 76' lang='lat' dir='ltr'>astu</span> <span class='ocrx_word' id='word_1_278' title='bbox 1597 2656 1632 2683; x_wconf 81' lang='grc' dir='ltr'><strong><em>ω</em></strong></span> <span class='ocrx_word' id='word_1_279' title='bbox 1663 2654 1729 2684; x_wconf 77' lang='lat' dir='ltr'>em</span> <span class='ocrx_word' id='word_1_280' title='bbox 1751 2639 1829 2684; x_wconf 85' lang='grc' dir='ltr'>Ηο</span> 
     </span>
     <span class='ocr_line' id='line_1_38' title="bbox 215 2697 1835 2759; baseline 0 -16"><span class='ocrx_word' id='word_1_281' title='bbox 215 2705 268 2743; x_wconf 91' lang='grc'>11</span> <span class='ocrx_word' id='word_1_282' title='bbox 301 2713 446 2757; x_wconf 87' lang='lat' dir='ltr'>prauo</span> <span class='ocrx_word' id='word_1_283' title='bbox 470 2700 516 2744; x_wconf 91' lang='lat' dir='ltr'><em>R</em></span> <span class='ocrx_word' id='word_1_284' title='bbox 623 2705 676 2743; x_wconf 89' lang='lat'>13</span> <span class='ocrx_word' id='word_1_285' title='bbox 708 2700 923 2759; x_wconf 88' lang='lat' dir='ltr'>phylippi</span> <span class='ocrx_word' id='word_1_286' title='bbox 947 2701 993 2745; x_wconf 80' lang='lat' dir='ltr'><em>R</em></span> <span class='ocrx_word' id='word_1_287' title='bbox 1101 2704 1157 2744; x_wconf 87' lang='lat'>14</span> <span class='ocrx_word' id='word_1_288' title='bbox 1185 2698 1374 2743; x_wconf 88' lang='lat' dir='ltr'>fuerunt</span> <span class='ocrx_word' id='word_1_289' title='bbox 1397 2700 1444 2742; x_wconf 94' lang='lat' dir='ltr'><strong><em>P</em></strong></span> <span class='ocrx_word' id='word_1_290' title='bbox 1529 2697 1782 2742; x_wconf 88' lang='lat' dir='ltr'>dictanabu</span> <span class='ocrx_word' id='word_1_291' title='bbox 1798 2698 1835 2743; x_wconf 90' lang='lat' dir='ltr'><strong><em>S</em></strong></span> 
     </span>
     <span class='ocr_line' id='line_1_39' title="bbox 214 2756 1830 2825; baseline -0.001 -23"><span class='ocrx_word' id='word_1_292' title='bbox 214 2772 386 2815; x_wconf 90' lang='lat' dir='ltr'>uapore</span> <span class='ocrx_word' id='word_1_293' title='bbox 418 2758 454 2803; x_wconf 86' lang='lat' dir='ltr'><strong><em>S</em></strong></span> <span class='ocrx_word' id='word_1_294' title='bbox 567 2758 892 2803; x_wconf 86' lang='lat' dir='ltr'>Nectanabum</span> <span class='ocrx_word' id='word_1_295' title='bbox 928 2760 1185 2817; x_wconf 85' lang='lat' dir='ltr'>uaporante</span> <span class='ocrx_word' id='word_1_296' title='bbox 1224 2757 1460 2825; x_wconf 79' lang='lat' dir='ltr'>(ardore)</span> <span class='ocrx_word' id='word_1_297' title='bbox 1490 2756 1733 2801; x_wconf 76' lang='lat' dir='ltr'>libidinis?</span> <span class='ocrx_word' id='word_1_298' title='bbox 1756 2756 1830 2801; x_wconf 86' lang='lat' dir='ltr'>He</span> 
     </span>
     <span class='ocr_line' id='line_1_40' title="bbox 216 2814 1889 2876; baseline 0.001 -16"><span class='ocrx_word' id='word_1_299' title='bbox 216 2821 271 2860; x_wconf 88' lang='lat'>15</span> <span class='ocrx_word' id='word_1_300' title='bbox 303 2816 557 2874; x_wconf 89' lang='lat' dir='ltr'>olimpiada</span> <span class='ocrx_word' id='word_1_301' title='bbox 574 2818 610 2863; x_wconf 92' lang='lat' dir='ltr'><strong><em>S</em></strong></span> <span class='ocrx_word' id='word_1_302' title='bbox 694 2832 863 2876; x_wconf 85' lang='lat' dir='ltr'>magno</span> <span class='ocrx_word' id='word_1_303' title='bbox 882 2819 918 2864; x_wconf 90' lang='lat' dir='ltr'><strong><em>S</em></strong></span> <span class='ocrx_word' id='word_1_304' title='bbox 1026 2823 1081 2862; x_wconf 93' lang='grc'>20</span> <span class='ocrx_word' id='word_1_305' title='bbox 1113 2816 1350 2875; x_wconf 83' lang='lat' dir='ltr'>genitricis</span> <span class='ocrx_word' id='word_1_306' title='bbox 1367 2817 1404 2862; x_wconf 89' lang='lat' dir='ltr'><strong><em>S</em></strong></span> <span class='ocrx_word' id='word_1_307' title='bbox 1504 2820 1558 2859; x_wconf 82' lang='lat'>22</span> <span class='ocrx_word' id='word_1_308' title='bbox 1589 2814 1819 2860; x_wconf 86' lang='lat' dir='ltr'>tirannice</span> <span class='ocrx_word' id='word_1_309' title='bbox 1841 2816 1889 2861; x_wconf 83' lang='lat' dir='ltr'><em>R</em></span> 
     </span>
     <span class='ocr_line' id='line_1_41' title="bbox 274 2873 1890 2934; baseline 0 -14"><span class='ocrx_word' id='word_1_310' title='bbox 274 2881 330 2920; x_wconf 84' lang='lat'>23</span> <span class='ocrx_word' id='word_1_311' title='bbox 360 2875 698 2921; x_wconf 90' lang='lat' dir='ltr'>machedonum</span> <span class='ocrx_word' id='word_1_312' title='bbox 722 2878 768 2920; x_wconf 92' lang='lat' dir='ltr'><em>P</em></span> <span class='ocrx_word' id='word_1_313' title='bbox 863 2882 920 2921; x_wconf 78' lang='lat'>24</span> <span class='ocrx_word' id='word_1_314' title='bbox 951 2878 1241 2934; x_wconf 87' lang='lat' dir='ltr'>contemptus</span> <span class='ocrx_word' id='word_1_315' title='bbox 1265 2876 1311 2921; x_wconf 88' lang='lat' dir='ltr'><em>R</em></span> <span class='ocrx_word' id='word_1_316' title='bbox 1411 2879 1467 2919; x_wconf 82' lang='grc'>27</span> <span class='ocrx_word' id='word_1_317' title='bbox 1490 2873 1821 2931; x_wconf 81' lang='lat' dir='ltr'>babylonicum</span> <span class='ocrx_word' id='word_1_318' title='bbox 1842 2874 1890 2920; x_wconf 81' lang='lat' dir='ltr'><strong><em>R</em></strong></span> 
     </span>
    </p>
   </div>
  </div>
 </body>
</html>
