1976 3120
239 97 344 149 168
517 148 532 154 ,
851 100 933 144 DE
965 99 1302 145 AETATIBUS

163 173 204 204 H

71 233 166 265 abest
185 234 215 265 L
238 223 463 286 Denique
508 241 569 273 ne
609 241 638 273 a
683 225 900 274 facinore
948 227 1179 287 coeptum
1218 224 1543 287 primordium
1586 226 1923 276 facinorosum

238 297 479 346 caruisset
527 302 870 362 augmentum,
916 299 1136 347 fraterno
1182 299 1422 362 sanguine
1466 317 1720 350 murorum
1755 300 1922 364 prima

233 371 443 420 rubuere
473 373 780 435 fundamina,
818 376 879 421 ut
916 372 1178 421 fratricidii
1208 389 1378 422 cruore
1410 374 1600 422 sancita
1627 375 1918 439 magnificae

234 446 369 494 urbis
407 447 806 495 uerecundentur
843 446 1100 510 principia.
1163 447 1288 495 Ecce
1329 447 1481 496 etiam
1517 449 1789 497 sacrarium
1825 448 1917 498 cri·

191 537 213 570 5
235 519 450 568 minibus
481 521 790 569 uindicandis
824 521 1142 583 construitur,
1175 523 1226 569 et
1251 521 1339 568 ubi
1362 521 1558 569 iustitia
1581 522 1919 585 sanctitasque

238 594 451 642 exerceri
490 595 739 657 debuerat,
777 595 892 643 inde
930 595 1207 643 facinorum
1237 595 1451 643 nefanda
1481 599 1772 660 purgantur.
1832 595 1921 644 Fit

238 668 478 716 exercitus
503 669 765 716 criminum
788 669 979 717 fructus
1005 671 1056 717 et
1076 669 1327 732 impunita
1350 669 1588 731 iniquitas
1612 670 1670 718 fit
1693 672 1917 732 senatus;

236 744 287 790 et
339 759 401 790 ne
455 743 673 804 disparia
726 758 846 791 suae
891 743 1030 791 uitae
1076 744 1371 791 sortirentur
1416 743 1647 805 conubia,
1698 743 1919 806 turpatis

234 816 564 864 matrimoniis
595 817 773 879 rapina
811 818 945 865 facta
978 820 1052 865 est
1081 818 1373 880 paranimfa.
1437 816 1579 874 Quod
1608 818 1662 864 in
1689 817 1916 865 huiusce-

170 908 214 940 10
236 890 372 938 modi
419 890 608 952 nuptiis
656 907 760 939 esse
798 894 998 953 poterat
1035 891 1293 955 gaudium:
1339 894 1528 939 maeret
1566 906 1746 954 sponsa
1783 890 1918 954 quod

235 965 445 1026 rapitur,
476 981 613 1013 socer
644 967 842 1013 aestuat
873 965 1007 1028 quod
1036 965 1318 1028 praedatur,
1351 981 1515 1014 socrus
1545 965 1754 1029 ingemit
1784 964 1917 1027 quod

237 1038 454 1100 orbatur,
480 1042 529 1086 et
552 1055 613 1086 ne
639 1039 790 1087 etiam
812 1039 865 1087 in
888 1042 1087 1101 raptore
1113 1039 1382 1102 quodpiam
1406 1040 1637 1087 existeret
1664 1038 1919 1102 gaudium,

236 1112 447 1160 necdum
486 1116 561 1161 est
599 1129 796 1161 securus
835 1129 1043 1176 sponsus
1090 1130 1151 1162 ne
1196 1113 1464 1177 pugnando
1501 1113 1592 1161 fiat
1629 1111 1917 1162 diuortium.

236 1185 367 1242 Quid
403 1189 518 1249 post
561 1188 683 1236 haec
720 1188 931 1235 referam
976 1189 1118 1235 natos
1157 1187 1374 1235 Brutum
1410 1187 1608 1235 inbrute
1645 1187 1920 1249 necantem,

168 1277 211 1311 15
237 1261 426 1308 externi
470 1262 775 1310 matrimonii
821 1262 1146 1323 Tarquinium
1192 1263 1549 1324 corruptorem,
1602 1261 1687 1308 ubi
1732 1260 1917 1308 ferrum

234 1337 463 1382 matrona
500 1338 679 1383 testem
718 1336 797 1383 sui
835 1335 1063 1384 adhibuit
1095 1335 1311 1384 criminis
1345 1338 1395 1383 et
1427 1335 1545 1397 quia
1574 1335 1744 1382 uiuere
1777 1333 1916 1382 diffa-

233 1410 373 1456 mata
410 1425 509 1458 non
548 1412 767 1471 poterat,
815 1411 930 1458 ante
969 1410 1021 1457 in
1060 1425 1110 1457 se
1148 1410 1287 1457 nefas
1327 1425 1479 1471 quam
1515 1409 1568 1456 in
1605 1407 1917 1457 conmissoris

159 1494 222 1535 42
235 1483 476 1546 sanguine
512 1479 517 1548 Ι
552 1483 842 1532 uindicauit.
929 1481 1117 1532 Omitto
1171 1483 1383 1531 Fabium
1433 1482 1711 1531 Metenniae
1765 1482 1916 1530 inter·

234 1556 471 1604 sectorem
501 1558 669 1619 potius
703 1573 854 1619 quam
883 1558 1132 1619 maritum,
1165 1558 1254 1619 qui
1283 1573 1440 1620 paruo
1470 1559 1750 1605 contactam
1779 1570 1916 1604 mero

169 1648 213 1680 20
237 1631 495 1693 coniugem
523 1631 741 1678 trucidat
772 1634 821 1678 et
852 1632 1130 1694 resignatae
1153 1634 1361 1693 ynotece
1391 1629 1715 1692 parricidanti
1744 1645 1916 1678 cruore

235 1704 493 1752 sacrificat.
569 1703 696 1761 Quid
734 1705 946 1752 referam
985 1704 1214 1752 Curtium
1253 1706 1400 1753 offam
1437 1703 1690 1766 uoraginis
1731 1704 1782 1750 et
1817 1705 1916 1751 ter-

233 1793 382 1825 renae
432 1777 764 1840 abruptionis,
811 1779 1003 1826 hiatum
1050 1778 1170 1840 quid
1213 1778 1404 1840 profuit
1441 1780 1690 1825 saturasse
1735 1777 1917 1825 armati

234 1850 559 1900 incitamento
598 1852 806 1901 decoris:
845 1867 1103 1914 nunquam
1133 1853 1268 1900 terra
1298 1851 1501 1900 sarciret
1533 1851 1667 1913 quod
1695 1852 1916 1913 ruperat,

237 1925 357 1972 dum
403 1926 570 1972 tamen
615 1942 776 1974 uanus
822 1943 921 1974 non
969 1926 1220 1974 omitteret
1266 1925 1398 1987 quod
1441 1925 1658 1973 uiuebat.
1734 1923 1917 1972 Exurit

168 2016 212 2049 25
235 1999 431 2047 Mucius
477 1999 798 2048 inefficaciter
845 1999 1098 2047 dexteram
1144 2002 1194 2047 et
1239 2000 1359 2061 quia
1408 1998 1647 2061 praeferri
1699 1997 1917 2046 inaniter

237 2073 487 2135 concupit,
550 2076 773 2122 curtatus
826 2073 1027 2122 brachio
1081 2073 1297 2121 inaniter
1348 2073 1498 2121 uixit:
1561 2088 1712 2134 quam
1771 2072 1916 2120 fatua.

355 2278 410 2317 18
442 2275 500 2329 cf.
525 2273 643 2318 Plin.
668 2274 765 2317 nat.
791 2273 899 2317 hist.
924 2273 1044 2330 XIV,
1071 2278 1126 2316 13
1224 2272 1327 2317 Val.
1353 2272 1475 2316 Max.
1500 2271 1565 2315 VI
1588 2276 1628 2328 3,
1655 2276 1680 2315 9

357 2485 379 2523 1
414 2479 675 2524 facinoroso
693 2480 729 2524 S
816 2485 842 2524 2
876 2481 1125 2538 augmento
1143 2479 1180 2524 S
1273 2484 1299 2522 3
1325 2435 1378 2524 ¹23}
1397 2478 1432 2523 S
1526 2482 1551 2521 7
1585 2476 1816 2522 exercitiis
1845 2477 1917 2523 vel

236 2538 465 2582 exercitus
490 2556 525 2582 ω
557 2538 789 2583 exercitiis
822 2538 948 2583 crim.
980 2538 1116 2583 fruct.
1150 2536 1557 2597 <magistratus>.2
1573 2538 1648 2581 He
1759 2541 1786 2580 8
1815 2537 1912 2597 tur-

234 2596 361 2641 batis
386 2598 421 2641 S
526 2602 551 2640 9
583 2597 894 2655 paranimpha
916 2597 1010 2642 RS
1110 2601 1164 2640 12
1197 2596 1441 2641 exsisteret
1463 2596 1511 2639 P
1612 2600 1666 2638 13
1699 2593 1913 2639 diuortiis

236 2656 332 2700 PR
512 2661 567 2699 14
611 2656 875 2714 [in]brute.9
905 2657 980 2701 He
1151 2660 1206 2699 16
1252 2654 1470 2699 adhibuit
1509 2655 1677 2697 testem
1720 2653 1792 2697 sui
1822 2653 1859 2699 S

237 2719 293 2759 18
323 2714 504 2758 fauium
528 2715 575 2758 P
613 2715 775 2758 fanum
798 2716 845 2760 R
937 2716 1035 2759 met
1063 2713 1222 2774 tennie
1245 2714 1292 2759 R
1337 2711 1584 2772 metemnie
1608 2712 1646 2757 S
1756 2715 1813 2756 20
1842 2725 1914 2756 re-

237 2773 394 2830 signat
425 2776 645 2829 eynotece
669 2774 714 2817 P
747 2773 957 2830 resignat
988 2775 1204 2830 eynotete
1226 2773 1273 2817 R
1311 2772 1683 2829 resignaternoce
1707 2771 1822 2815 Sem
1836 2771 1913 2816 He

236 2833 295 2876 ob
334 2831 620 2889 resignatam
659 2833 962 2876 oenothecam
992 2832 1251 2887 Reiffersch.
1405 2836 1460 2874 22
1501 2828 1774 2873 saturitasse
1805 2829 1853 2874 R

235 2895 292 2936 23
325 2890 494 2935 sarcire
519 2892 564 2935 R
715 2896 771 2935 24
803 2891 1042 2935 amitteret
1065 2891 1101 2936 S
1238 2894 1294 2934 26
1326 2889 1456 2947 cupit
1484 2904 1540 2934 m.
1573 2894 1605 2935 2
1637 2890 1731 2933 add
1760 2901 1848 2932 con
1869 2887 1918 2932 P
