1976 3120
209 109 313 161 156
832 109 912 153 DE
944 108 1284 154 AETATIBUS

146 183 186 216 H

56 234 453 283 abestHbonitatis
491 251 720 297 nouerca,
761 251 889 297 quae
925 237 1103 282 cuncta
1139 233 1380 283 bonorum
1419 250 1621 297 operum
1659 251 1696 283 a
1725 235 1902 284 mundi

213 308 458 371 principio
498 309 671 357 didicit
710 309 981 371 exstirpare
1019 308 1330 370 fundamina,
1378 308 1507 357 sicut
1541 308 1596 356 in
1634 309 1779 372 alios,
1823 309 1902 358 ita

216 383 368 431 etiam
408 383 570 432 Saulis
615 383 786 430 inuida
830 382 1165 445 principatum
1204 382 1395 431 obsedit
1434 385 1485 430 et
1522 382 1649 431 sicut
1685 383 1902 446 primum

216 457 419 505 caelesti
463 474 615 520 regno
664 457 889 505 exulauit
928 456 1201 519 diabolum,
1249 456 1390 504 deinc
1434 457 1610 504 mundi
1644 458 1903 506 nouellum

171 552 193 586 5
216 546 306 579 suo
338 531 570 593 paradiso
602 531 765 579 Adam
797 530 949 578 efficit
979 531 1310 594 peregrinum,
1349 533 1523 593 postea
1556 530 1795 580 Faraom’s
1825 532 1900 579 in-

215 607 360 667 petus
401 608 450 653 et
488 605 827 669 Aegyptiacos
868 620 1039 652 currus
1077 604 1317 652 rubriacis
1358 604 1604 653 debriatos
1650 605 1903 654 interfecit

215 679 491 742 liquoribus
532 681 760 741 salsaque
798 679 1014 741 potionis
1052 679 1355 727 madefactos
1396 679 1602 741 crapula
1638 679 1905 729 infernalia

215 753 457 800 inuitauit
495 753 559 800 ad
597 753 821 815 prandia,
865 751 976 816 [sic]
1014 753 1133 801 Saul
1166 769 1362 815 quoque
1395 756 1444 801 et
1476 753 1706 814 adipatae
1738 754 1902 817 gregis

216 828 507 890 laqueatum
554 828 753 875 adfectu
799 830 849 875 et
893 830 1152 875 taurorum
1205 827 1466 890 pinguium
1516 826 1904 890 muscipulatum

151 925 195 955 10
218 901 445 963 adpetitu
498 918 650 965 regno
707 901 914 964 expulit,
968 904 1126 949 morte
1173 900 1430 949 damnauit
1476 904 1526 949 et
1572 901 1706 963 quod
1751 901 1903 964 duplo

220 975 462 1037 deterius,
517 975 734 1024 Pitonici
794 975 999 1038 spiritus
1061 975 1391 1024 consultorem
1451 978 1656 1023 unctum
1717 975 1904 1024 domini

218 1050 581 1111 supplantauit.
660 1049 790 1106 Quid
836 1050 1019 1097 etenim
1059 1065 1179 1111 opus
1226 1049 1391 1096 fuerat
1428 1065 1628 1111 parcere
1672 1048 1781 1113 regi
1817 1050 1903 1097 ad-

218 1121 397 1172 uerso?
458 1123 539 1170 An
577 1124 823 1186 parcendo
862 1124 1150 1172 clementior
1179 1123 1340 1171 uideri
1377 1125 1575 1185 poterat
1604 1121 1745 1171 Deo‘?
1807 1122 1905 1172 Sed

221 1213 347 1259 quae
376 1201 492 1245 sunt
522 1198 620 1246 ista
651 1200 754 1260 tua,
777 1199 927 1260 Deus,
961 1200 1150 1246 secreta
1172 1197 1407 1259 misteria,
1437 1197 1491 1244 in
1516 1197 1696 1259 quibus
1719 1213 1905 1245 umana

153 1294 196 1326 15
220 1271 458 1319 uaccillat
494 1271 769 1335 ignorando
808 1275 1004 1320 natura.
1080 1271 1314 1319 Inimicus
1362 1273 1469 1319 erat
1506 1271 1652 1335 Agag
1690 1271 1904 1334 domino,

219 1345 449 1393 inimicus
499 1346 649 1394 etiam
695 1349 744 1394 et
792 1346 912 1394 Saul
965 1347 1125 1394 factus
1179 1347 1345 1394 fuerat
1389 1347 1516 1406 De03
1570 1345 1732 1408 parcit
1782 1344 1906 1393 Saul

219 1419 368 1483 Agag
413 1420 521 1483 regi
567 1423 617 1468 et
657 1420 884 1482 displicet
922 1421 1049 1482 Deo,
1095 1420 1257 1482 parcit
1293 1420 1462 1467 Dauid
1502 1418 1642 1467 Sauli
1687 1422 1737 1467 et
1775 1434 1904 1467 com-

220 1494 405 1555 placet3
451 1494 536 1541 ille
583 1511 792 1558 regnum
838 1495 1037 1542 ueniam
1076 1494 1236 1542 dando
1275 1494 1511 1556 perdidit,
1556 1493 1651 1541 iste
1696 1509 1905 1557 regnum

222 1567 423 1614 ueniam
462 1568 624 1617 dando
655 1569 941 1630 promeruit.
1004 1568 1109 1616 Aut
1145 1568 1197 1615 in
1235 1571 1448 1630 utroque
1487 1566 1767 1614 damnanda
1798 1569 1906 1615 erat

156 1664 200 1695 20
225 1655 374 1702 super
419 1641 581 1689 Deum
625 1641 907 1705 benignitas
955 1645 1044 1690 aut
1095 1643 1149 1689 in
1201 1643 1413 1703 utroque
1459 1642 1644 1703 placita
1692 1640 1903 1690 bonitas.

226 1714 322 1761 Sed
353 1715 620 1762 nilominus
651 1716 704 1762 in
731 1715 877 1763 Saule
910 1717 1121 1778 praedae
1154 1716 1376 1763 adfectus
1407 1715 1570 1762 inerat
1593 1716 1651 1761 ut
1683 1718 1907 1764 seruaret

224 1788 502 1850 aduersum,
543 1791 593 1836 et
630 1806 730 1838 non
767 1792 964 1837 tantum
1010 1789 1220 1853 benigne
1266 1789 1460 1850 placere
1504 1788 1701 1837 subdito
1739 1789 1907 1838 uoluit

225 1865 470 1924 quantum
501 1862 712 1924 praedae
745 1864 948 1911 affectus
978 1863 1227 1923 interfuit3
1268 1862 1403 1925 quod
1432 1862 1484 1909 in
1514 1862 1683 1910 Dauid
1711 1863 1906 1925 patien-

222 1936 325 1984 tiae
363 1935 560 1984 bonitas
598 1937 775 1998 inerat,
813 1953 912 1985 non
951 1937 1191 2000 regnandi
1229 1937 1474 1998 cupiditas
1516 1934 1683 1999 [erat].
1755 1936 1906 1984 Deni-

155 2031 199 2065 25
224 2026 318 2072 que
364 2010 551 2072 inspice
592 2010 726 2072 quod
763 2011 928 2058 Dauid
965 2011 1071 2058 Deo
1112 2010 1353 2059 ultionem
1391 2010 1635 2072 parcendo
1674 2010 1908 2059 seruabat

224 2086 274 2131 et
306 2082 427 2131 Saul
457 2084 552 2131 Dei
588 2084 831 2133 ultionem
869 2085 998 2131 male
1037 2084 1283 2146 parcendo
1316 2086 1663 2143 contemserat3
1705 2084 1907 2132 Saulem

224 2157 354 2205 enim
385 2158 518 2205 Deus
551 2174 668 2205 suae
699 2158 912 2206 iniuriae
945 2159 1164 2222 elegerat
1192 2158 1454 2220 uindicem,
1487 2160 1536 2205 et
1558 2157 1726 2205 Dauid
1746 2158 1908 2206 Deum

149 2247 211 2289 30
224 2247 343 2280 suae
379 2228 385 2296 Ι
418 2231 631 2279 iniuriae
680 2231 950 2294 quaerebat
994 2233 1219 2281 ultorem.
1295 2231 1412 2280 Ideo
1461 2247 1576 2295 ergo
1614 2247 1742 2279 unus
1782 2231 1907 2280 bene

344 2378 370 2416 3
394 2387 484 2431 sqq.
518 2375 575 2429 cf.
607 2374 628 2416 I
653 2373 775 2418 Sam.
804 2378 857 2417 15
958 2378 1010 2416 11
1045 2374 1101 2427 cf.
1134 2373 1155 2416 Ι
1180 2373 1302 2418 Sam.
1329 2377 1384 2417 28
1481 2378 1534 2416 17
1567 2373 1623 2427 cf.
1655 2372 1678 2416 I
1701 2372 1822 2417 Sam.
1849 2376 1906 2416 24

344 2496 370 2534 2
403 2492 636 2548 extirpare
661 2492 698 2536 S
812 2498 840 2535 4
872 2491 1040 2536 dehinc
1065 2490 1101 2535 S
1222 2495 1248 2534 5
1278 2490 1488 2548 paradisi
1512 2490 1558 2534 P
1650 2487 1906 2533 Pharaonis

226 2551 315 2596 PS
401 2556 427 2594 6
462 2550 719 2611 egiptiacos
746 2551 782 2596 S
843 2549 1085 2594 rubruacis
1103 2550 1149 2593 P
1174 2549 1365 2593 rubrum
1389 2549 1522 2606 aquis
1539 2549 1586 2593 R
1676 2553 1700 2593 7
1734 2547 1907 2591 salsae-

227 2623 316 2666 que
340 2610 433 2654 RS
534 2613 561 2652 8
594 2609 661 2653 sic
684 2624 755 2654 om
779 2610 875 2654 PR
966 2608 1148 2666 adipati
1171 2609 1207 2653 S
1306 2613 1359 2651 10
1392 2607 1619 2665 dapnauit
1641 2607 1678 2652 S
1763 2605 1905 2663 duplo

226 2671 299 2714 est
321 2669 358 2714 S
458 2672 510 2711 11
542 2668 719 2712 fitonici
744 2670 788 2711 R
826 2668 1070 2725 phytonici
1093 2667 1130 2713 S
1208 2667 1375 2724 spiritu
1399 2667 1496 2711 PR
1580 2665 1840 2710 consultore
1863 2665 1912 2708 P

287 2732 343 2771 14
372 2727 597 2783 mysteria
621 2728 666 2772 R
740 2728 946 2771 humana
969 2745 1004 2772 ω
1100 2731 1154 2770 15
1177 2725 1374 2770 uacillat
1395 2725 1488 2770 RS
1559 2723 1746 2768 domino
1769 2724 1907 2781 Agag

227 2787 264 2833 S
381 2791 435 2830 16
468 2786 611 2830 etiam
643 2801 712 2831 om
737 2787 773 2831 S
882 2787 967 2831 deo
999 2786 1154 2830 fuerat
1180 2785 1216 2830 S
1333 2789 1387 2828 20
1420 2797 1557 2841 super
1586 2800 1621 2827 ω
1651 2783 1693 2827 h.
1727 2797 1761 2828 e.
1793 2797 1909 2839 quae

225 2852 412 2903 superat
433 2845 582 2889 Deum
627 2859 711 2900 per
734 2845 811 2890 Ηο
963 2851 1015 2888 21
1050 2843 1351 2888 nihilominus
1377 2843 1423 2886 P
1462 2840 1791 2886 nichilominus
1815 2841 1852 2887 S

227 2910 283 2950 22
317 2903 506 2948 subdito
535 2903 719 2961 placere
743 2905 790 2948 R
882 2909 938 2947 24
970 2906 1071 2948 erat
1102 2918 1171 2948 om
1194 2902 1281 2947 PS
1367 2907 1421 2946 26
1455 2901 1798 2958 contempserat
1819 2899 1912 2944 RS
