1976 3120
186 123 293 175 140
382 152 385 154 ·
803 124 882 169 DE
914 125 1252 171 AETATIBUS

119 199 169 231 H.

25 258 115 290 abeat
135 258 163 291 G
181 249 362 296 mirum
391 251 462 313 ut,
496 266 643 312 quem
667 249 910 298 adulterio
942 252 1181 313 genuerat
1210 250 1400 313 talique
1429 254 1572 314 patre
1597 257 1856 316 pepererat

179 325 372 386 natum,
419 324 564 371 illum
602 324 754 372 etiam
792 324 885 372 sibi
927 324 1156 388 iungeret
1195 328 1244 373 et
1281 325 1536 388 maritum,
1580 329 1661 390 ut,
1708 343 1858 390 quem

179 397 362 445 uuluae
414 397 558 445 hiatu
610 398 806 460 pariens
861 398 1099 461 gemendo
1153 398 1475 461 produxerat,
1526 400 1660 448 illius
1706 402 1858 449 etiam

181 471 367 519 semina
427 471 645 520 libidinis
707 471 963 520 ardoribus
1018 474 1262 534 uaporata
1314 473 1539 536 ingluuie
1598 474 1858 538 inguinum

135 560 157 593 5
179 546 544 595 transuorabat.
606 546 767 594 Ninus
807 545 959 593 etiam
995 546 1163 594 uxoris
1200 546 1548 608 iniquitatibus
1587 564 1685 596 non
1715 548 1856 597 dissi-

111 658 116 662 .
179 619 310 667 milis
366 622 417 667 et
463 619 642 682 dignus
695 619 974 681 pestilentis
1027 620 1238 668 feminae
1291 621 1618 669 matrimoniis
1669 623 1856 684 primus

181 693 332 740 etiam
376 693 617 741 inuadens
671 693 854 742 limites
903 694 1238 755 proximorum
1285 694 1474 756 primus
1520 696 1759 759 regnandi
1802 696 1857 744 in

178 767 362 816 mundo
402 767 577 815 sumsit
616 767 888 829 exordium,
933 767 1121 829 primus
1161 768 1449 830 Squitarum
1492 769 1768 831 tranquilla
1806 772 1857 818 et

180 855 351 888 serena
383 841 547 903 quiete
586 841 810 889 uiuentes
849 841 1088 889 inuadens
1126 842 1362 890 terminos
1398 842 1559 891 alieno
1590 843 1857 905 uaporauit

113 930 156 962 1o
180 914 364 962 ferrum
410 915 461 962 in
508 915 760 978 sanguine.
836 915 928 962 Ille
974 916 1190 963 humana
1227 915 1428 980 negotia
1466 932 1593 978 pura
1629 932 1856 966 mansue-

105 998 164 1039 13
179 989 350 1036 tudine
381 982 687 1056 peralgentia
718 988 927 1037 aduersa
958 989 1200 1037 bellorum
1231 992 1395 1053 strage
1426 990 1664 1038 turbauit.
1727 989 1857 1048 Quid

180 1078 296 1125 ergo
349 1063 525 1110 horum
576 1064 856 1124 temporum
910 1063 1128 1124 qualitas
1181 1064 1398 1112 humano
1446 1064 1606 1112 ordini
1658 1064 1855 1127 similet,

179 1136 507 1198 exquiramus.
585 1135 1007 1192 Quemadmodum
1051 1138 1235 1186 mundo
1281 1137 1433 1185 turris
1471 1138 1759 1187 inmensitas
1802 1139 1856 1186 in

179 1225 323 1257 auras
357 1211 576 1273 erigitur,
613 1210 687 1258 ita
724 1210 911 1258 homini
947 1211 1194 1259 iuuenalis
1234 1214 1370 1259 aetas
1410 1211 1703 1260 elationibus
1742 1212 1854 1260 sub—

113 1299 154 1333 15
177 1284 387 1332 leuatur.
449 1285 554 1332 Illis
585 1283 765 1331 mirum
796 1300 917 1346 opus
955 1284 1239 1348 linguarum
1268 1284 1535 1347 partitione
1571 1285 1856 1348 destruitur,
1909 1279 1913 1282 *

177 1358 264 1405 1110
302 1358 583 1406 litterarum
618 1358 960 1406 inbutamento
993 1358 1207 1406 stultitia
1237 1358 1551 1419 terminatur3
1588 1359 1688 1407 illis
1718 1360 1852 1408 rudis

176 1432 395 1493 loquella
448 1432 810 1480 adsumtionem
862 1432 1064 1494 eripuit,
1116 1432 1212 1480 isto
1251 1432 1387 1480 rudis
1433 1432 1602 1480 littera
1655 1448 1852 1481 sensum

179 1505 385 1566 aperuit.
471 1505 766 1554 Sameramis
819 1506 972 1554 totius
1026 1506 1245 1554 libidinis
1300 1506 1473 1554 ardore
1517 1508 1747 1568 torretur,
1801 1509 1853 1555 et

178 1579 391 1641 pueritia
443 1579 667 1627 luxuriae
719 1580 952 1641 lampada
995 1579 1315 1627 inmoderatis
1369 1580 1852 1642 augmentationibus

113 1668 156 1700 20
178 1656 463 1714 uaporatur.
561 1653 667 1700 Illis
729 1653 963 1701 diuinitas
1031 1653 1227 1716 linguas
1287 1653 1551 1702 uerborum
1609 1653 1854 1702 uarietate

178 1726 418 1787 distinxit,
449 1726 556 1774 istis
588 1726 830 1787 sapientia
863 1727 925 1773 ad
963 1727 1215 1789 ingenium
1241 1727 1531 1788 prudentiae
1556 1727 1852 1775 subleuauit.

177 1799 361 1848 Mundo
398 1799 678 1861 Babylonia
714 1800 980 1848 instruitur
1016 1800 1255 1862 regnandi
1292 1799 1629 1862 primordium,
1666 1800 1853 1848 homini

178 1873 422 1935 sapientia
463 1873 700 1920 tribuitur
738 1873 1109 1937 gubernationis
1148 1876 1502 1921 ornamentum.
1571 1874 1647 1920 Ibi
1687 1874 1852 1921 Same-

177 1946 326 1995 ramis
378 1949 556 2010 regnat
609 1947 816 1995 aduersa
869 1947 1111 2009 iustitiae,
1160 1947 1257 1995 isto
1305 1949 1440 1995 aetas
1486 1947 1694 1995 inminet
1738 1948 1852 1995 lena

297 2107 322 2146 5
346 2071 436 2159 sqq,
469 2103 525 2157 cf.
561 2101 688 2146 Oros
713 2102 734 2145 I
756 2107 784 2145 4

297 2239 319 2278 1
354 2236 455 2278 erat
478 2235 573 2279 VP
599 2236 670 2291 (m.
701 2249 785 2280 rec.
816 2248 1032 2291 suprascr
1061 2235 1168 2291 gen)
1206 2236 1431 2292 genuerat
1453 2234 1490 2279 S
1523 2236 1595 2291 (ex
1624 2234 1791 2292 001112)

178 2299 203 2337 3
234 2294 381 2350 hyatu
406 2294 441 2338 S
531 2293 666 2337 illum
690 2293 727 2338 S
837 2297 866 2336 4
897 2293 1075 2337 semina
1105 2294 1223 2338 deest
1245 2293 1281 2338 S
1307 2295 1399 2352 (sed
1431 2295 1519 2350 lac)
1608 2293 1848 2350 ingluuiae

177 2354 271 2397 PV
311 2352 475 2396 illuuie
500 2353 536 2397 S
633 2357 659 2395 5
690 2354 1009 2396 transuoraret
1032 2353 1068 2396 S
1167 2358 1192 2396 6
1223 2353 1399 2409 primus
1417 2352 1799 2408 —proximorum
1824 2357 1848 2396 7

171 2417 277 2468 post
300 2411 539 2455 exordium
562 2416 588 2455 8
610 2411 704 2455 PV
745 2413 798 2455 irc
819 2426 963 2469 mary,
992 2412 1068 2455 sed
1091 2413 1278 2468 punctis
1308 2412 1370 2455 ad
1398 2412 1519 2456 hwnc
1550 2413 1693 2456 locum
1714 2412 1851 2466 refert

178 2470 215 2515 S
371 2475 394 2513 7
434 2470 607 2514 milites
644 2470 959 2526 proximorum
982 2470 1028 2513 P
1184 2474 1209 2513 8
1250 2469 1448 2526 sumpsit
1472 2470 1558 2514 SV
1673 2469 1850 2526 primus

178 2527 322 2572 etiam
346 2529 381 2572 S
513 2529 779 2584 scytharum
803 2529 847 2573 V
887 2528 1109 2573 scitamm
1133 2529 1169 2573 S
1328 2533 1354 2572 9
1395 2528 1576 2586 serena]
1615 2541 1794 2572 summa
1817 2528 1855 2573 S

237 2616 449 2659 uiuentes
482 2633 517 2659 ω
565 2615 775 2660 uiuentifi
807 2619 876 2672 eff.
903 2617 939 2661 S
1069 2620 1122 2659 12
1152 2629 1236 2673 per
1265 2615 1430 2659 horum
1451 2615 1490 2661 S
1586 2588 1789 2671 qualitati}
1817 2616 1854 2660 S

238 2674 452 2718 similiter
477 2675 521 2718 V
547 2674 698 2718 simile
716 2675 751 2719 S
838 2681 893 2719 14
923 2674 1141 2719 iuuenilis
1166 2675 1203 2719 S
1288 2679 1342 2717 16
1366 2673 1439 2717 1111
1461 2674 1498 2719 S
1583 2678 1638 2717 17
1661 2673 1850 2730 loquela

179 2733 268 2779 SV
398 2733 770 2790 adsumptionem
802 2735 887 2779 SV
1015 2733 1097 2777 isti
1128 2733 1164 2778 S
1300 2746 1486 2776 sensum
1531 2731 1728 2776 abstulit
1758 2733 1795 2777 S

181 2797 235 2836 18
268 2791 523 2836 semiramis
557 2793 640 2836 SV
676 2807 761 2837 rec.
786 2809 840 2837 m.
865 2795 917 2837 in
940 2793 987 2836 P
1142 2796 1195 2835 21
1228 2790 1330 2835 istis
1354 2792 1450 2834 PV
1475 2790 1589 2835 istos
1614 2791 1650 2836 S
1682 2806 1738 2835 m.
1762 2806 1846 2836 rec.

177 2853 230 2896 in
252 2852 299 2895 P
413 2855 468 2893 22
499 2850 749 2894 Babilonia
773 2851 858 2896 SV
974 2856 1028 2894 23
1060 2853 1273 2895 ornatum
1295 2851 1391 2894 PV
1487 2849 1744 2894 semiramis
1768 2850 1853 2895 SV

178 2926 234 2955 m.
259 2924 342 2954 rec.
368 2912 421 2954 in
443 2910 489 2953 P
605 2914 660 2952 24
690 2909 782 2953 isto
808 2911 853 2953 P
872 2912 915 2966 (o
946 2913 997 2954 irc
1019 2924 1097 2954 ras
1119 2925 1174 2954 m.
1200 2911 1302 2966 rec.)
1326 2908 1370 2953 V
1401 2908 1509 2952 istic
1533 2909 1569 2953 S
1665 2907 1782 2952 lenis
1807 2908 1851 2954 V
