1976 3120
90 710 185 815 1¹37
308 758 586 820 Expetebat
615 757 828 819 quidem,
858 756 1147 803 Leuitarum
1179 753 1500 814 sanctissime,
1539 752 1696 801 nostri
1727 754 1850 799 tem·
1867 700 1955 806 737

181 834 315 897 poris
354 832 572 895 qualitas
610 830 796 895 grande
836 830 1107 892 silentium,
1158 831 1215 877 ut
1259 844 1358 877 non
1406 827 1565 876 solum
1609 842 1745 874 mens
1787 843 1865 873 ex-

180 910 466 972 promptare
491 906 696 954 desisset
727 904 858 966 quod
890 904 1074 966 didicit,
1107 905 1353 966 quantum
1384 902 1536 950 etiam
1567 900 1867 950 obliuionem

181 982 262 1031 sui
307 981 496 1030 efficere
536 979 708 1028 debuit
744 974 761 1044 ΙΙ
799 978 919 1041 quia
964 979 1116 1038 uiuit;
1163 977 1248 1026 sed
1295 976 1412 1039 quia
1457 991 1588 1024 nouo
1628 975 1851 1024 caritatis
1867 987 1956 1029 738

92 1067 187 1111 138
200 1056 475 1105 dominatui
521 1054 730 1102 fulcitur
777 1056 826 1100 et
870 1053 921 1100 in
973 1053 1153 1101 amoris
1199 1053 1462 1114 praecepto
1506 1045 1511 1114 Ι
1554 1052 1867 1112 contemptus
1891 1067 1911 1100 5

181 1145 453 1192 numquam
484 1128 782 1190 admittitur,
815 1126 876 1176 ob
906 1127 1033 1175 hanc
1063 1143 1167 1174 rem
1191 1125 1498 1189 Uirgilianae
1531 1124 1865 1172 continentiae

183 1207 371 1253 secreta
400 1203 590 1269 phisica
627 1202 772 1265 tetigi
803 1201 969 1249 uitans
1006 1201 1095 1248 illa
1135 1216 1262 1263 quae
1295 1200 1406 1262 plus
1431 1199 1640 1261 periculi
1663 1200 1866 1260 possent
1891 1194 1969 1254 ζῇς

181 1293 475 1341 praerogare
520 1292 670 1339 quam
715 1275 890 1323 laudis.
967 1275 1073 1323 Uae
1118 1275 1323 1337 inquam
1360 1273 1522 1335 nobis,
1570 1275 1694 1335 aput
1740 1288 1865 1335 quos

183 1356 233 1401 et
270 1368 412 1401 nosse
452 1351 642 1413 aliquid
678 1350 952 1412 periculum
990 1353 1067 1397 est
1104 1352 1155 1397 et
1191 1348 1384 1396 habere.
1458 1345 1532 1396 Ob
1574 1362 1723 1409 quam
1760 1363 1866 1394 rem

184 1427 453 1475 bucolicam
484 1425 860 1489 georg-icamque
894 1423 1162 1485 omisimus,
1200 1423 1253 1470 in
1291 1422 1470 1485 quibus
1501 1424 1607 1469 tam
1637 1421 1861 1469 misticae
1887 1439 1930 1470 10

180 1500 520 1548 interstinctae
553 1501 668 1547 sunt
697 1498 928 1560 rationes,
965 1513 1062 1560 quo
1093 1497 1280 1545 nullius
1311 1512 1436 1558 pene
1470 1496 1592 1544 artis
1624 1495 1676 1542 in
1707 1495 1865 1543 isdem

178 1574 318 1622 libris
363 1574 558 1621 interna
603 1572 847 1636 Uirgilius
891 1572 1204 1634 praeterierit
1256 1571 1461 1618 uiscera.
1537 1569 1763 1631 Denique
1810 1570 1863 1616 in

177 1648 338 1711 prima
385 1647 583 1711 egloga,
638 1646 852 1695 secunda
900 1649 950 1693 et
1002 1646 1153 1693 tertia
1205 1645 1391 1707 phisice
1444 1644 1598 1692 trium
1644 1644 1864 1691 uitarum

175 1721 392 1770 reddidit
421 1721 801 1782 continentiam3
833 1720 886 1767 in
916 1723 1096 1782 quarta
1118 1719 1348 1767 uaticinii
1379 1721 1538 1767 artem
1562 1718 1861 1780 adsumpsit,

175 1796 229 1844 in
268 1796 442 1859 quinta
479 1794 785 1858 pontificalia
824 1794 1127 1858 designauit,
1167 1794 1219 1841 in
1251 1795 1390 1859 sexta
1430 1795 1587 1841 artem
1619 1792 1861 1840 musicam
1886 1809 1928 1842 15

177 1886 288 1920 cum
341 1870 441 1918 suis
493 1869 863 1932 perfectissimis
917 1869 1085 1931 posuit
1137 1868 1378 1930 numeris,
1438 1867 1492 1914 in
1543 1869 1687 1929 parte
1740 1883 1861 1915 uero

177 1944 394 1993 eiusdem
433 1944 636 2007 eglogae
674 1942 1023 2006 phisiologiam
1075 1942 1341 1990 secundum
1381 1940 1572 1990 Stoicos
1612 1941 1861 2003 exposuit3

177 2019 387 2080 septima
425 2018 682 2066 botanicen
713 2017 934 2064 dinamin
971 2016 1162 2088 tetigit3
1203 2019 1383 2065 octaua
1422 2016 1860 2078 apotelesmaticen

299 2180 322 2219 1
357 2173 635 2232 expectebat
649 2173 695 2216 P
722 2172 1002 2229 expectabat
1022 2172 1065 2216 G
1171 2177 1197 2215 2
1231 2173 1524 2229 expromtare
1542 2171 1646 2216 RU
1730 2176 1756 2215 3
1791 2185 1860 2216 se-

178 2233 325 2278 disset
354 2233 412 2278 H
460 2231 685 2277 descisset
730 2233 877 2276 deterr
922 2233 1116 2288 exprota
1160 2229 1404 2275 redisisset
1434 2230 1484 2274 D
1606 2230 1783 2274 dedicit
1812 2231 1860 2275 R

179 2292 295 2336 dicit
323 2294 358 2337 Ι
500 2296 527 2336 5
559 2290 826 2335 dominatus
877 2291 920 2334 U
925 2291 952 2350 β
1005 2291 1062 2346 cf.
1104 2289 1377 2345 ἐρείδεσθαί
1424 2305 1518 2334 τινι
1570 2289 1683 2346 quia
1734 2303 1860 2333 noua

177 2350 350 2396 caritas
395 2351 616 2409 imperat,
664 2363 720 2393 ea
767 2348 1032 2394 dominatus
1078 2348 1272 2392 fulcitur
1315 2349 1448 2394 Barb
1599 2353 1622 2392 7
1666 2348 1800 2393 fisica
1830 2351 1859 2409 β

177 2409 357 2468 phisice
388 2411 535 2456 deterr
652 2407 809 2453 uitans
856 2415 949 2466 qua
994 2407 1080 2452 illa
1116 2407 1222 2465 plus
1255 2407 1312 2451 H
1424 2409 1623 2465 possunt
1652 2409 1800 2453 deterr

176 2474 203 2514 8
235 2483 293 2514 ue
332 2470 408 2529 Πβ
533 2467 752 2525 inquiunt
795 2469 866 2524 eff.
908 2468 1040 2514 videt.
1086 2482 1142 2512 ex
1186 2466 1331 2523 inqua
1360 2467 1410 2511 D
1543 2466 1594 2510 in
1638 2467 1774 2512 nobis
1806 2468 1865 2512 H

175 2529 312 2573 nobis
343 2531 416 2573 est
445 2530 593 2573 detero·
711 2529 827 2584 aput
841 2528 938 2573 PR
947 2527 991 2571 L
1023 2526 1148 2583 apud
1179 2543 1214 2570 ω
1338 2531 1393 2570 10
1433 2528 1481 2570 et
1517 2526 1782 2571 bucolicam
1805 2527 1864 2570 H

234 2588 430 2645 mystice
448 2587 505 2631 H
529 2586 754 2644 mysticae
771 2587 872 2632 EG
1005 2592 1055 2629 11
1089 2585 1272 2630 hisdem
1310 2586 1456 2631 UEL
1591 2591 1646 2630 12
1678 2585 1857 2644 uirgilii

177 2647 317 2707 (uirgl
350 2647 394 2691 L
424 2645 613 2704 uirgilist
649 2646 708 2703 G)
739 2645 883 2704 pterit
906 2647 933 2705 β
978 2644 1158 2702 uirgilii
1187 2644 1434 2700 pterierint
1463 2644 1645 2690 uiscera
1667 2646 1798 2691 Barb

179 2711 234 2750 13
265 2706 429 2764 egloca
459 2705 622 2751 PRH
704 2705 832 2750 fisice
864 2707 891 2765 β
1014 2710 1068 2748 17
1099 2703 1379 2761 fisiologiam
1417 2705 1462 2750 U
1585 2708 1640 2748 18
1669 2703 1856 2750 ΠΟΤὰ-

180 2765 325 2810 ΚΙΕΕῃ
377 2765 587 2810 dinamin
633 2765 724 2810 ΕΙ
734 2766 824 2811 UL
884 2762 1176 2808 totakicendi
1220 2763 1381 2807 namin
1427 2764 1473 2807 P
1534 2763 1854 2809 ΠΟΤὰΚΙΕΕΝ

175 2824 409 2870 ubuumm
440 2825 497 2868 H
536 2824 898 2881 u-l-ommcen'di
926 2838 1037 2867 nam
1068 2823 1118 2866 in
1148 2822 1198 2867 D
1240 2824 1356 2868 nota
1391 2822 1536 2867 kinen
1567 2823 1778 2867 dinamin
1809 2823 1861 2868 E

175 2883 290 2927 nota
326 2897 452 2928 mcen
490 2883 700 2928 dinamin
734 2884 777 2930 G-
835 2882 1082 2940 ποιητικήν
1113 2883 1179 2927 ed.
1214 2882 1463 2928 Genavens.
1502 2882 1766 2927 Uotanicen
1803 2884 1857 2927 in

176 2955 305 2999 mary
335 2941 522 2988 Scriver.
549 2957 615 2988 em
638 2942 712 2988 He
802 2944 971 2987 octaua
1000 2968 1059 2975 —
1090 2946 1160 2998 84,
1178 2947 1203 2986 2
1234 2940 1398 2999 tetigit
1427 2956 1499 2988 om
1529 2942 1588 2986 H

1528 3016 1587 3059 6*
