1976 3120
699 137 1040 182 PRAEFATIO
1631 138 1716 181 XV

29 280 152 315 saec.
177 264 287 325 XII,
327 264 463 312 cuius
502 264 554 311 in
594 263 756 312 locum
794 263 954 323 initio,
993 262 1077 310 ubi
1111 263 1371 311 mutilatus
1406 266 1480 310 est
1511 256 1582 328 (p.
1612 265 1716 311 130

29 332 316 405 —141‚8),
349 337 497 386 codex
521 337 794 386 Uaticanus
831 339 969 385 7257
1006 352 1130 386 saec.
1154 336 1298 383 XVII
1331 336 1569 400 succedit3
1601 352 1717 384 nam
1751 338 1794 381 V

26 411 156 461 hunc
195 428 225 460 a
262 412 371 461 uiro
403 411 547 460 docto
587 427 645 460 ex
674 411 763 459 illo
797 411 1097 474 descriptum
1129 426 1249 472 esse,
1287 413 1344 458 ut
1374 411 1510 459 illius
1549 413 1716 472 partes

27 487 272 549 suscipere
296 486 468 549 possit,
513 486 722 534 Ioannes
748 484 974 534 Graeuen
998 502 1076 533 me
1101 485 1269 533 docuit
1293 485 1378 547 qui
1400 488 1502 533 tres
1527 484 1716 533 codices

25 560 273 609 Romanos
314 560 545 622 contulit3
586 576 684 623 qua
723 559 782 608 de
822 575 971 608 causa
1011 561 1114 608 eius
1154 559 1389 608 lectiones
1429 575 1528 607 non
1568 559 1717 607 attuli

25 635 122 684 nisi
166 634 251 682 ubi
290 634 580 698 Reginensis
627 633 803 682 deficit.
872 634 1032 682 Multo
1072 634 1337 683 deteriores
1386 636 1502 682 sunt
1540 633 1712 680 Tauri·
1742 635 1784 678 T

25 709 190 758 nensis
229 709 273 756 D
305 709 378 756 IV
411 710 477 757 39
521 724 644 757 saec.
675 707 820 770 XIII,
858 709 912 755 in
952 724 1048 771 quo
1087 709 1324 771 pleraque
1365 701 1420 775 (a
1450 725 1497 770 p.
1536 709 1656 768 130,
1685 710 1713 755 7

25 783 90 831 ad
111 800 159 846 p.
189 785 309 843 171,
327 776 421 850 21)
454 783 587 831 foliis
618 783 836 831 rescissis
868 783 1178 844 interierunt,
1211 785 1261 831 et
1286 782 1581 831 Sorbonicus
1610 783 1713 830 268
1743 782 1779 827 S

26 872 149 907 saec.
188 856 310 905 xm
356 873 414 905 ex
462 873 557 919 quo
602 857 891 906 Hommeius
947 857 1066 906 olim
1120 857 1410 919 opusculum
1462 857 1715 918 expressit,

26 947 328 995 quamquam
359 948 470 979 eum
501 931 843 995 neglegentius
882 932 934 978 in
965 931 1130 980 codice
1168 931 1377 995 legendo
1411 947 1461 979 se
1493 931 1716 994 gessisse,

26 1021 138 1055 cum
174 1005 354 1053 librum
392 1005 602 1070 benigne
648 1005 1064 1054 intercedentibus
1105 1006 1307 1054 summis
1347 1006 1604 1068 utriusque
1643 1005 1713 1053 rei

24 1079 251 1143 publicae
290 1079 663 1143 magistratibus
702 1080 1047 1129 liberalissime
1085 1080 1375 1128 Berolinum
1404 1080 1611 1129 missum
1641 1080 1714 1127 in-

26 1155 263 1217 spicerem
302 1157 353 1202 et
391 1154 736 1215 examinarem,
775 1155 881 1216 ipse
922 1155 1144 1218 cognoui.
1208 1153 1506 1217 Saepissime
1545 1156 1716 1202 autem

24 1228 78 1276 in
128 1228 222 1277 hoc
273 1228 400 1276 libro
456 1229 747 1277 coniecturis
805 1244 942 1290 (11130,
986 1231 1159 1277 auctor
1212 1229 1477 1291 scripserat
1539 1229 1715 1290 depra-

24 1304 146 1350 uata
185 1304 312 1351 sunt.

136 1420 321 1468 Addidi
356 1421 907 1469 commentatiunculam
947 1415 1143 1483 ‘super
1178 1416 1556 1482 Thebaiden',
1589 1436 1715 1483 quae

24 1497 191 1543 utrum
221 1495 472 1558 Fulgentii
505 1495 570 1543 sit
599 1511 766 1555 necne,
803 1494 956 1543 firmis
989 1496 1293 1558 argumentis
1325 1495 1586 1543 diiudicari
1616 1511 1714 1544 non

23 1584 168 1631 posse
204 1584 328 1617 mus.
359 1568 512 1616 Rhen.
546 1568 639 1616 LII
667 1571 768 1616 177
796 1585 902 1631 sqq.
936 1569 1292 1630 demonstraui3
1331 1572 1507 1631 postea
1545 1572 1713 1617 tamen

23 1643 77 1691 P.
119 1642 178 1690 de
217 1642 514 1690 Winterfeld
555 1642 704 1690 Statii
753 1658 1025 1707 cognomen
1066 1643 1196 1706 quod
1236 1646 1311 1692 est
1351 1642 1583 1691 Surculus
1623 1659 1712 1706 pro

26 1715 231 1766 Sursulo
242 1709 285 1783 ¹)
317 1732 446 1779 quae
476 1718 664 1766 usitata
697 1720 826 1766 esset
855 1717 1015 1787 forma
1047 1720 1163 1766 ante
1188 1718 1431 1766 decimum
1463 1718 1714 1766 saeculum

23 1807 122 1840 non
166 1791 379 1839 inueniri
417 1807 495 1839 me
533 1792 739 1840 monuit.
817 1790 957 1848 Quod
995 1792 1038 1841 si
1075 1809 1248 1841 uerum
1280 1795 1367 1854 est,
1407 1795 1594 1840 certum
1634 1809 1713 1840 ex-

25 1867 126 1914 stat
180 1868 525 1929 argumentum
587 1881 685 1928 quo
740 1881 770 1913 a
822 1866 1085 1930 Fulgentio
1139 1867 1231 1914 hoc
1285 1867 1575 1929 opusculum
1629 1866 1712 1914 ab·

23 1939 232 1987 iudicari
270 1940 450 2002 possit,
489 1940 621 2002 quod
667 1941 818 1988 etiam
858 1956 1079 1989 sermone
1119 1956 1148 1988 a
1186 1941 1545 2006 Fulgentianis,
1585 1957 1712 2003 quae

25 2013 251 2077 longiora
289 2013 520 2062 exhibent
558 2015 818 2062 enuntiata
858 2019 908 2062 et
945 2015 1170 2077 pluribus
1211 2019 1388 2063 ornata
1426 2015 1713 2076 luminibus,

26 2086 337 2149 aliquantum
361 2087 525 2136 differt
547 2091 696 2151 atque
720 2104 842 2137 uoce
869 2104 994 2151 quae
1019 2092 1094 2138 est
1118 2085 1358 2139 ‘anichos'
1384 2083 1454 2156 (p.
1478 2092 1595 2151 183,
1617 2083 1710 2156 11)

25 2161 354 2223 suspicionem
382 2165 565 2224 mouet,
604 2163 722 2225 quia
751 2162 1069 2226 Fulgentium
1107 2164 1308 2228 linguae
1341 2163 1556 2212 Graecae
1589 2164 1712 2213 adeo

24 2235 308 2297 imperitum
353 2236 504 2285 fuisse
550 2253 649 2285 non
695 2237 952 2286 credimus.
1029 2238 1208 2286 Exstat
1246 2241 1416 2286 autem
1453 2239 1506 2286 in
1546 2238 1711 2286 codice

24 2308 250 2358 Parisino
273 2309 391 2357 bibl.
414 2310 549 2372 publ.
577 2312 735 2372 3012,
767 2312 904 2360 cuius
935 2312 1200 2362 collatione
1230 2313 1306 2359 uti
1337 2314 1479 2375 potui
1510 2312 1711 2374 duplici,

26 2397 137 2431 cum
174 2383 334 2445 primo
365 2384 615 2433 Rossbach
656 2401 804 2447 quam
842 2387 948 2447 ipse
988 2386 1265 2434 confecerat
1302 2387 1434 2434 ultro
1472 2387 1595 2433 mihi
1627 2386 1710 2434 ob-

23 2457 236 2519 tulisset,
266 2460 441 2519 postea
462 2458 695 2507 Wessner
719 2458 1087 2508 Gundermamtn'
1111 2461 1313 2509 schedas
1337 2461 1460 2508 mihi
1481 2461 1710 2510 misisset.

28 2529 163 2588 Quae
211 2531 498 2580 collationes
546 2548 644 2581 non
690 2533 915 2582 omnibus
961 2534 1082 2583 locis
1124 2536 1255 2582 inter
1293 2551 1343 2584 se
1384 2536 1711 2597 consentiunt,

27 2606 144 2667 quia
189 2606 372 2653 iniuria
417 2609 695 2669 temporum
742 2611 792 2656 et
835 2623 1007 2672 margo
1047 2609 1227 2658 codicis
1267 2609 1388 2658 adeo
1435 2610 1596 2659 laesus
1636 2613 1712 2658 est

24 2681 84 2726 ut
134 2679 301 2742 plures
355 2683 443 2728 aut
494 2681 656 2730 desint
708 2682 906 2731 litterae
961 2685 1051 2730 aut
1102 2699 1259 2745 paene
1314 2685 1607 2732 euanuerint
1661 2687 1711 2731 et

27 2753 291 2802 atramenti
344 2755 500 2816 ipsius
554 2756 688 2804 color
731 2757 804 2804 ita
857 2757 1061 2818 perierit
1105 2760 1162 2805 ut
1207 2759 1374 2807 omnia
1419 2757 1710 2806 difficillime

25 2825 266 2890 legantur.

148 2940 192 2995 1)
224 2939 280 2982 01.
315 2938 455 2984 Statii
487 2939 589 2985 silv.
622 2940 726 2985 libr.
759 2940 794 2984 V
827 2941 896 2986 ed.
923 2941 1132 2987 Vollmer
1165 2948 1279 2988 1898
1310 2959 1354 3001 p.
1384 2949 1438 2988 16
1470 2959 1512 2988 0.
1542 2949 1581 2988 5.
