1976 3120
194 124 267 176 46
816 125 1287 172 MITOLOGIARUM

125 201 175 232 Μ’
191 251 323 298 iecor
367 251 623 313 praebeat,
677 250 849 300 liuoris
897 251 1038 314 quasi
1085 252 1263 316 pingat
1311 253 1599 317 imaginem,
1649 254 1779 304 unde
1826 205 1946 317 eta

197 325 460 374 Petronius
498 325 700 373 Arbiter
738 325 830 373 ait:

456 425 556 477 tcui
594 430 763 478 uoltur
799 429 931 477 iecor
966 428 1198 477 intimum
1235 434 1458 493 pererrat

455 507 506 552 et
544 503 708 565 querit
744 505 916 565 pectus
955 503 1258 566 intimasque
1296 505 1466 568 fibras3

145 593 166 627 5
458 594 556 626 non
597 579 671 625 est
710 594 856 639 quem
893 577 1050 640 tepidi
1090 582 1272 627 uocant
1309 582 1507 641 poetae,

456 652 540 700 sed
579 651 737 699 cordis
776 651 909 699 liuor
947 654 1099 714 atque
1137 649 1392 716 luxus',—
1429 649 1435 716 Ι
1496 649 1514 718 ΙΙ

100 765 160 807 81
189 771 306 804 nam
339 758 389 804 et
411 756 736 804 Aristoxenus
766 755 818 803 in
850 755 1310 804 lindosecemiarum
1339 756 1465 805 libro
1492 773 1637 819 quem
1660 755 1858 819 scripsit
1869 767 1964 810 681

190 830 375 878 similia
427 830 618 892 profert
659 857 727 862 —
773 845 862 877 nos
915 845 1032 878 uero
1085 830 1434 878 Prometheum
1488 831 1676 879 dictum
1729 829 1875 893 quasi

189 904 484 966 pronianteu
533 904 666 965 quod
711 919 799 951 nos
845 903 1024 951 Latine
1075 904 1471 966 praeuidentiam
1520 905 1599 952 dei
1644 904 1872 968 dicimus3

122 995 165 1028 ιο
188 995 246 1026 ex
292 978 370 1026 dei
416 977 761 1040 praeuidentia
808 980 858 1025 et
902 978 1127 1026 Minerua
1183 979 1327 1040 quasi
1381 979 1581 1027 caelesti
1626 978 1873 1041 sapientia

186 1052 433 1101 hominem
479 1053 688 1113 factum,
742 1051 966 1099 diuinum
1018 1068 1137 1100 uero
1190 1052 1355 1116 ignem
1408 1069 1556 1115 quem
1601 1053 1873 1101 uoluerunt

187 1127 405 1175 animam
442 1128 723 1175 monstrant
762 1125 1002 1174 diuinitus
1031 1126 1340 1189 inspiratam,
1392 1143 1519 1189 quae
1559 1129 1681 1189 aput
1717 1141 1871 1190 paga-

187 1216 275 1249 nos
316 1200 500 1249 dicitur
539 1200 597 1248 de
638 1199 787 1248 caelis
825 1202 1009 1261 tracta3
1047 1200 1180 1248 iecor
1217 1217 1336 1249 uero
1372 1200 1721 1249 Prometheum
1760 1200 1869 1248 uul-

187 1274 289 1322 turi
341 1274 659 1337 praebentem
715 1274 848 1336 quod
897 1289 985 1321 nos
1040 1290 1123 1322 cor
1175 1274 1403 1337 dicimus,
1457 1275 1576 1337 quia
1627 1274 1682 1322 in
1726 1273 1870 1322 corde

121 1365 164 1398 15
189 1348 436 1411 aliquanti
458 1348 863 1411 philosophorum
887 1347 1118 1395 dixerunt
1149 1348 1457 1411 sapientiam,
1489 1349 1619 1397 unde
1651 1351 1700 1396 et
1721 1348 1869 1396 que-

109 1433 172 1476 82
187 1423 314 1471 nalis
339 1423 411 1471 ait
427 1440 439 1471 ε
454 1416 471 1489 Η
502 1418 571 1470 ‘si
593 1423 710 1470 leua
738 1424 881 1484 parte
904 1422 1122 1484 papillae
1153 1423 1224 1469 nil
1257 1423 1374 1470 salit
1401 1422 1591 1471 arcaico
1614 1417 1818 1470 iuueni'.
1839 1415 1962 1490 {682

185 1497 412 1559 Denique
443 1497 698 1544 uulturem
727 1496 780 1543 in
810 1496 1013 1544 modum
1043 1496 1215 1543 mundi
1243 1499 1530 1559 posuerunt,
1563 1496 1697 1559 quod
1725 1512 1867 1544 mun-

186 1570 279 1619 dus
319 1573 368 1619 et
414 1569 561 1619 celeri
607 1570 826 1632 quadam
870 1570 1171 1618 uolucritate
1206 1573 1434 1619 uersetur
1480 1573 1530 1619 et
1568 1570 1868 1619 cadauerum

184 1644 494 1693 nascentium
525 1643 950 1705 occidentiumque
988 1644 1297 1705 perennitate
1329 1644 1622 1706 depascitur.
1687 1644 1869 1706 Itaque

119 1735 163 1768 20
186 1719 340 1767 alitur
378 1734 435 1766 ac
474 1718 817 1766 substentatur
848 1717 1048 1765 diuinae
1083 1717 1426 1779 prouidentiae
1459 1717 1703 1780 sapientia
1733 1733 1867 1780 quae

184 1808 273 1841 nec
319 1793 428 1854 ipsa
480 1791 613 1839 finiri
665 1791 810 1839 nouit
860 1807 949 1838 nee
1002 1791 1213 1839 mundus
1268 1806 1455 1839 cessare
1510 1791 1572 1839 ab
1622 1791 1725 1840 eius
1773 1791 1864 1840 ali·

183 1867 364 1915 mentis
403 1866 720 1927 aliquatenus
751 1864 920 1926 possit.
982 1865 1211 1927 Denique
1242 1864 1523 1913 Pandoram
1553 1865 1734 1913 dicitur
1763 1865 1866 1914 for·
1942 1919 1943 1922 Ἴ

183 1956 365 2003 masse3
403 1939 632 1988 Pandora
671 1938 802 1986 enim
835 1937 986 1986 Grece
1018 1938 1200 1986 dicitur
1239 1939 1460 1987 omnium
1495 1954 1690 2002 munus,
1730 1939 1863 2001 quod

185 2015 351 2062 anima
387 2029 568 2062 munus
609 2012 675 2060 sit
713 2012 933 2060 omnium
971 2013 1211 2074 generale.

303 2159 328 2197 3
368 2153 550 2198 Petron.
584 2153 680 2197 ed.3
710 2152 962 2197 Buecheler
991 2153 1045 2197 fr.
1070 2152 1197 2196 XXV
1341 2157 1394 2196 16
1427 2153 1523 2198 Iuv.
1558 2154 1644 2197 sat.
1662 2153 1748 2197 VII
1773 2157 1858 2198 159

184 2213 437 2270 (mamillae
470 2240 523 2245 —
557 2211 802 2269 Arcadico)

302 2337 325 2375 1
358 2330 521 2375 liboris
539 2331 636 2374 PT
659 2329 835 2374 laboris
853 2331 903 2375 Ε
989 2334 1014 2373 3
1039 2329 1120 2386 qui
1133 2329 1426 2375 GBuecheler
1513 2329 1862 2397 iecurMHDp

241 2396 269 2433 4
299 2391 462 2447 pectus
493 2389 641 2434 trahit
663 2390 909 2434 Buecheler
941 2404 1040 2434 eum
1068 2395 1148 2434 vet.
1175 2389 1268 2433 eod.
1292 2389 1506 2433 Danielis
1545 2390 1709 2446 pectus
1738 2390 1863 2446 petit

181 2450 318 2505 Neap
356 2475 373 2482 -
391 2449 546 2505 quatit
569 2451 683 2494 coni.
702 2449 946 2494 Buecheler
1042 2451 1068 2491 5
1091 2447 1238 2505 lepidi
1254 2447 1476 2493 Muncker
1571 2453 1596 2492 6
1621 2447 1744 2492 libor
1765 2447 1864 2492 PT

181 2507 316 2552 labor
339 2509 389 2552 E
482 2507 635 2552 cordis
668 2507 865 2566 (mala)
896 2506 1018 2551 liuor
1046 2508 1131 2551 edd
1260 2511 1283 2550 7
1314 2506 1749 2551 lindosecemiarum
1771 2506 1864 2550 αΕ

180 2565 328 2611 liuido
353 2582 409 2612 ex
430 2566 560 2611 lindo
585 2567 654 2625 H2
688 2566 836 2611 liuido
861 2565 1157 2611 setemiarmn
1176 2565 1219 2609 G
1247 2564 1394 2610 liuido
1419 2564 1753 2609 sententiarum
1774 2579 1856 2611 ms.

180 2625 311 2670 Leid.
337 2640 411 2682 ap.
439 2626 675 2670 Muneker.
736 2625 853 2668 ΠῙιάο
895 2626 1229 2669 sententiarum
1258 2625 1379 2669 Zinlc
1500 2628 1526 2667 9
1563 2622 1859 2668 PRONIAN-

181 2684 314 2728 TECI
345 2685 436 2728 αΕ
477 2683 982 2728 ΡΒΟΜΙΘΕΙΑΝΤΕΕΙ
1019 2683 1062 2728 G
1181 2682 1526 2739 prouidentiam
1548 2682 1793 2740 HDGM,

185 2743 262 2787 dei
292 2757 363 2788 om
389 2743 431 2788 G
523 2747 577 2786 10
607 2742 906 2799 prouidentia
925 2743 1019 2789 GT
1045 2755 1101 2786 ex
1130 2741 1219 2785 hac
1250 2740 1494 2799 prudentia
1516 2742 1566 2784 Ε
1654 2745 1708 2784 12
1740 2742 1858 2798 aput

181 2802 278 2846 PR
319 2802 446 2860 apud
476 2819 510 2845 ω
633 2807 686 2845 13
717 2801 844 2846 iecur
874 2803 937 2846 M
941 2801 1083 2860 HD?
1212 2805 1266 2845 16
1297 2799 1512 2844 arcadico
1543 2799 1594 2844 D
1638 2798 1857 2844 arcaicho

181 2862 231 2906 E
269 2860 516 2906 archadico
551 2861 593 2906 G
714 2865 768 2903 19
800 2861 1077 2918 depascatur
1110 2860 1152 2905 G
1257 2865 1313 2904 20
1343 2858 1639 2916 prouidentia.
1670 2857 1859 2916 sapien-

179 2920 276 2965 tiae
311 2921 353 2966 G
472 2925 527 2964 23
561 2919 766 2964 omnium
795 2935 961 2964 munus
993 2918 1165 2963 dicitur
1192 2919 1297 2964 DG
