1976 3120
0 45 20 201 Ξ
48 95 62 106 ”
846 104 1099 160 ANTIQUI
1713 104 1815 157 121
1839 179 1882 214 St

0 191 20 222 '2
58 185 112 221 u.
1884 205 1893 214 .

0 228 19 239 ⁷
127 229 276 284 facio'
286 250 298 295 3
337 233 487 282 nauci
525 232 656 280 enim
696 231 841 295 quasi
877 248 967 295 pro
1006 231 1163 281 nihilo
1202 230 1301 279 dici
1337 231 1623 280 uoluerunt.
1687 231 1819 278 Nam

0 294 16 387 ζ
129 311 180 358 ot
214 309 428 357 Plautus
473 307 526 355 in
564 307 776 355 Baccide
822 306 893 355 sic
931 306 1024 354 ait:
1081 301 1156 354 ‘si
1192 305 1287 354 tibi
1335 320 1532 353 macera
1571 307 1646 352 est
1683 304 1819 366 foris,

0 411 14 443 5.
129 385 184 433 at
227 382 351 431 mihi
396 381 604 429 ueruina
651 384 727 429 est
765 380 918 443 domi⁷
965 396 1064 443 qua
1109 383 1160 429 te
1208 397 1298 445 ego
1339 382 1389 428 et
1439 379 1553 427 illos
1593 378 1818 427 conficia-

0 446 16 554 ²}
127 473 238 507 mus
277 452 294 522 ΙΙ
331 456 544 506 soricina
582 451 763 503 nenia'.
1819 464 1911 505 779

5 564 37 590 v.
243 533 326 580 34.
381 528 535 593 [Quid
570 530 671 578 sint
708 527 963 592 diuidiae]
1033 529 1266 578 Diuidias
1304 528 1537 577 dixerunt
1573 525 1821 589 tristitias,
1846 544 1866 576 5

0 618 9 648 ἴ·
130 604 261 656 sicut
282 604 573 667 Propertius
601 599 740 670 [ait]:
771 599 1018 652 ‘Diuidias
1042 603 1221 652 mentis
1247 603 1443 652 conficit
1467 602 1625 651 omnis
1649 597 1822 650 amor'.

244 680 328 728 35.
391 677 544 742 [Quid
601 679 668 727 sit
722 675 1010 740 iustitium]
1100 678 1357 726 Iustitium
1417 677 1599 725 dicitur
1657 677 1823 724 luctus

130 754 386 818 puplicus,
439 753 570 802 unde
618 755 668 801 et
704 753 891 801 Fronto
936 752 989 800 in
1037 753 1259 801 oratione
1298 768 1388 815 pro
1426 750 1692 801 Nucerinis
1731 751 1825 798 ait:

133 825 380 891 ‘Denique
418 827 667 876 iustitium
704 827 839 890 plebi
875 823 1144 875 indicitur'.

245 904 329 951 36.
385 900 536 965 [Quid
575 901 640 950 sit
680 899 971 966 coragium]
1052 901 1320 965 Coragium
1358 900 1540 950 dicitur
1577 900 1825 964 uirginale
1851 917 1894 949 10

133 978 300 1040 funus,
339 977 470 1025 sicut
506 976 750 1039 Apuleius
787 976 840 1023 in
878 977 1296 1026 metamorfoseon
1326 977 1419 1024 ait:
1467 971 1700 1040 ‘Goragio
1730 975 1825 1022 ita-

0 1076 6 1079 ’
44 1063 138 1107 180
149 1068 244 1115 que
274 1051 493 1114 perfecto
533 1066 700 1099 omnes
740 1050 1097 1098 domuitionem
1132 1043 1138 1117 Ι
1179 1047 1396 1113 parant'.

247 1127 331 1174 37.
372 1123 526 1188 [Quid
549 1125 616 1174 sit
638 1122 878 1188 desiduo.]
939 1125 1158 1173 Desiduo
1191 1125 1373 1174 dicitur
1403 1124 1658 1185 diuturno3
1698 1123 1827 1171 unde

137 1202 186 1248 et
222 1200 383 1248 Uarro
427 1199 481 1247 in
522 1198 798 1248 Corallaria
843 1199 936 1248 ait:
1000 1194 1251 1247 ‘Diuidiae
1301 1200 1424 1247 mihi
1471 1200 1675 1247 fuerunt
1718 1201 1830 1246 tum

136 1274 340 1322 desiduo
381 1273 565 1322 afuisse
603 1269 688 1322 te’.
1854 1288 1897 1322 15

250 1349 333 1397 38.
393 1345 546 1410 [Quid
591 1348 657 1396 sit
701 1346 908 1411 floccio.]
985 1348 1153 1397 Flocci
1206 1347 1435 1396 dixerunt
1481 1347 1624 1410 quasi
1670 1346 1829 1408 nihili,

137 1423 268 1471 unde
309 1425 359 1471 et
395 1422 607 1470 Plautus
647 1422 741 1470 ait:
789 1418 974 1470 ‘Flocci
1012 1423 1172 1486 pendo
1212 1422 1334 1485 quid
1371 1439 1539 1470 rerum
1578 1417 1755 1486 geras’.

251 1499 334 1547 39.
376 1494 529 1559 [Quid
552 1497 619 1545 sit
639 1495 981 1560 ientaculum]
1036 1496 1365 1545 Lentaculum
1389 1496 1573 1545 dicitur
1595 1495 1831 1560 gustatio,

139 1570 271 1619 sicut
308 1569 589 1619 Calimacus
626 1570 680 1618 in
721 1571 919 1619 Ikesia:
967 1567 1312 1620 ‘Lentaculum
1353 1571 1574 1634 proferre
1612 1565 1757 1620 Ioui'.

259 1717 284 1756 2
311 1713 367 1768 cf.
391 1711 545 1758 Plaut.
569 1712 738 1758 Bacch.
765 1717 850 1758 887
869 1727 968 1770 sqq.
1050 1718 1101 1757 11
1129 1714 1186 1768 cf.
1212 1711 1351 1771 Apul.
1376 1714 1564 1757 metam.
1590 1711 1654 1755 IV
1671 1716 1741 1756 34.
1761 1715 1832 1755 35.

261 1851 284 1890 1
318 1845 454 1903 quasi
485 1861 556 1892 om
579 1847 624 1890 R
735 1846 834 1891 nilo
859 1847 905 1890 Β
1055 1852 1080 1890 2
1113 1846 1308 1892 uaccide
1341 1864 1372 1890 α
1489 1845 1711 1890 machera
1741 1845 1832 1903 51ὶῷ

140 1919 323 1951 macerc
349 1905 393 1952 Q
439 1919 607 1950 macer.
634 1906 675 1963 ΣΒ
742 1906 862 1952 fori*
886 1906 929 1952 {R
1019 1911 1045 1950 3
1079 1909 1163 1951 aut
1185 1907 1228 1953 {R
1294 1906 1437 1951 illus?
1462 1906 1537 1951 He
1604 1904 1833 1950 faciamus

143 1965 186 2012 Q
241 1964 485 2010 conficiam
509 1966 615 2010 ΒΕ
772 1971 798 2010 5
838 1965 998 2010 diuide
1023 1966 1117 2012 Pffi
1235 1965 1435 2010 tristitia
1458 1967 1505 2010 P
1554 1964 1758 2009 tristicia
1788 1964 1834 2009 R

140 2023 392 2070 tristiciam
407 2025 446 2083 ᾧ
546 2029 572 2068 6
595 2024 863 2083 propercius
888 2025 927 2082 ξ)
959 2027 1012 2069 in
1033 2040 1186 2084 mary:
1209 2025 1454 2070 Petronius
1480 2024 1524 2071 Q
1616 2023 1686 2068 ait
1708 2038 1779 2069 om
1805 2040 1836 2067 α

204 2082 398 2128 diuitias
422 2084 466 2130 {R
555 2098 714 2129 omnes
738 2085 785 2129 R
907 2089 931 2128 7
964 2084 1205 2129 iusticium
1230 2086 1374 2143 PR&
1406 2083 1682 2128 instititium
1698 2083 1802 2129 QE
1821 2082 1838 2142 Η

143 2142 383 2188 iusticium
407 2144 607 2202 PRBQ
646 2143 921 2188 instititium
945 2143 1049 2189 QE
1143 2149 1169 2188 8
1200 2144 1415 2202 puplicus
1434 2144 1586 2189 PRE
1618 2142 1836 2200 publicus

145 2220 180 2247 ω
293 2204 461 2260 pronto
485 2204 531 2247 Β
569 2204 784 2259 prompto
810 2202 1017 2260 ΣΒΞΗὮΕ
1117 2203 1366 2248 nucerinus
1391 2204 1432 2261 ‘B
1470 2202 1710 2260 nugerinis
1735 2202 1842 2246 ΒΕ

205 2266 232 2306 9
254 2260 496 2305 iusticium
519 2262 670 2320 1350ss
701 2260 974 2306 instititium
994 2263 1044 2307 E
1109 2263 1238 2319 pleui
1255 2264 1302 2307 P
1334 2263 1412 2321 ple
1430 2261 1525 2320 ΣΒὮ
1598 2260 1838 2305 inducitur

146 2321 190 2366 {R
288 2325 344 2364 10
369 2320 432 2364 sit
454 2335 524 2366 om
541 2321 588 2365 P
687 2325 739 2364 11
767 2320 995 2378 apolleius
1012 2322 1059 2366 P
1086 2321 1297 2379 apoleius
1315 2323 1362 2367 R
1445 2321 1839 2366 metamorfoseon

147 2379 244 2424 PR
284 2380 488 2437 -morph-
513 2396 548 2423 ω
639 2379 828 2438 corogio
852 2381 958 2426 ΒΕ
1075 2385 1129 2424 12
1160 2381 1369 2439 profecto
1394 2382 1433 2439 ᾧ
1518 2378 1839 2425 domutionem

148 2439 191 2496 ⁵13
238 2438 574 2483 domoitionem
597 2440 702 2483 ΒΕ
859 2444 913 2484 13
939 2439 1156 2485 diuturne
1187 2442 1203 2498 <
1207 2454 1316 2485 -nae
1341 2441 1399 2498 ΣΒ)
1424 2441 1501 2499 ᾢβ
1614 2439 1738 2483 unde
1770 2439 1838 2498 et]

149 2499 204 2542 ut
235 2497 279 2544 Q
335 2500 382 2542 et
409 2498 451 2555 ΣΒ
603 2503 659 2542 14
704 2499 934 2543 coralaria
957 2500 1085 2545 Rern
1135 2499 1403 2544 coralliaria
1426 2501 1465 2558 ,ᾖ
1520 2498 1770 2544 coiralaria
1794 2498 1844 2542 Ε

150 2556 369 2602 ciralaria
385 2559 431 2602 Β
470 2557 717 2602 corollaria
733 2558 776 2605 Q
794 2560 880 2604 edd
919 2559 1190 2604 corollarria
1214 2560 1255 2617 ΣΒ
1292 2558 1594 2604 racollasiam
1617 2559 1660 2605 {R
1739 2560 1841 2602 tam

152 2617 179 2676 β
294 2621 348 2661 15
382 2616 570 2661 affuisse
595 2619 623 2678 β
670 2617 847 2663 aruisse
871 2618 914 2664 §R
1028 2623 1083 2662 16
1114 2619 1274 2664 floccie
1298 2619 1339 2677 ΣΒ
1378 2618 1513 2663 flocci
1537 2619 1587 2663 Ε
1677 2616 1839 2662 floccio

152 2674 252 2719 dix·
274 2676 318 2722 ὓῖ
421 2676 587 2720 nichili
611 2678 708 2723 PR
837 2682 891 2721 17
923 2677 1022 2722 fiaii
1047 2678 1088 2735 ΣΒ
1195 2678 1320 2735 quod
1343 2679 1450 2723 ΒΕ
1575 2683 1630 2722 18
1662 2676 1713 2731 Q.
1748 2691 1782 2720 s.
1808 2676 1838 2721 1.

152 2748 224 2780 om
245 2735 285 2793 ᾧ
375 2734 489 2780 lent.
506 2751 596 2793 pro
627 2735 739 2781 ient.
764 2742 831 2783 ter
853 2754 889 2781 ω
935 2738 1106 2782 erravit
1135 2738 1279 2797 iyitur
1305 2739 1443 2797 Fuzq.
1535 2736 1776 2796 gustacius
1801 2737 1840 2793 ᾧ

214 2797 269 2837 19
310 2793 377 2838 sic
400 2794 501 2840 RQ
615 2795 902 2842 calimachus
933 2797 972 2854 ᾧ
1020 2795 1254 2841 simachus
1287 2798 1329 2855 513
1377 2796 1705 2842 calisimachus
1738 2795 1781 2841 Q

155 2850 280 2896 sicca
309 2854 434 2898 unde
464 2853 735 2899 lisimachus
760 2857 867 2900 ΒΕ
950 2855 1076 2900 zesia
1099 2873 1130 2900 α
1169 2856 1284 2901 zesti
1316 2859 1434 2914 (xes-
1460 2856 1520 2913 Ὦ)
1545 2858 1572 2916 β
1604 2858 1657 2901 in
1685 2870 1758 2914 my
1791 2870 1843 2898 εν

157 2927 323 2962 αιτιοις
346 2911 390 2957 Q
436 2927 503 2957 em
525 2915 600 2959 He
700 2915 904 2972 proferre
930 2916 1025 2960 PR
1070 2916 1267 2972 proferri
1291 2933 1326 2960 ω
