1976 3120
253 85 279 136 1
289 85 315 136 7
325 85 357 137 6
862 87 941 131 DE
972 86 1311 132 AETATIBUS

172 206 233 309 5130·
1025 257 1156 305 XIV.

92 370 188 403 abest
209 372 235 404 ο
267 391 269 393 >
360 360 506 408 Nunc
554 360 704 408 etiam
751 359 1020 408 Caesarum
1072 360 1204 408 uitas
1250 360 1514 408 instituam
1559 363 1608 410 et
1651 362 1934 426 principum

251 437 401 497 atque
447 437 687 499 augustae
733 433 1091 497 magnitudinis
1138 437 1398 482 stemmata
1443 435 1581 484 libris
1621 437 1930 486 currentibus

253 508 498 557 edicamus
552 524 747 557 necesse
803 510 889 556 est.
980 507 1178 556 Primus
1232 509 1388 572 igitur
1441 508 1642 572 Caesar,
1695 510 1827 558 unde
1880 513 1932 560 et

205 601 227 634 5
250 582 506 645 imperiale
554 583 684 644 cepit
728 582 949 644 initium,
995 582 1255 630 uniuersae
1300 585 1462 631 terrae
1501 583 1715 632 detinuit
1750 585 1930 647 princi-

250 660 445 719 patum3
493 657 861 719 suffragabatur
899 656 1081 704 etenim
1124 656 1271 704 huius
1317 657 1549 705 felicitati
1595 657 1765 706 diuina
1802 658 1931 707 nati-

251 731 399 793 uitas,
432 731 512 779 cui
544 731 694 779 etiam
724 731 982 779 uniuersas
1011 730 1326 779 inuincibiles
1349 730 1546 779 uincere
1576 731 1719 780 licuit
1741 747 1931 782 causas.

252 804 479 862 Qualiter
506 805 636 852 enim
667 804 728 852 ab
751 805 899 852 huius
929 805 1149 866 imperiis
1180 805 1337 853 libera
1362 806 1591 853 existeret
1620 805 1932 870 uniuersitas,

251 879 340 928 sub
380 879 522 927 cuius
559 896 766 942 regnum
803 879 942 927 nasci
974 879 1179 942 dignata
1218 881 1294 927 est
1331 879 1501 928 deitas.
1570 879 1766 928 Primus
1795 896 1934 928 nam-

183 973 230 1004 10
253 970 348 1016 que
394 954 655 1001 uniuersae
702 956 863 1001 terrae
905 952 1088 1001 limites
1127 953 1375 1015 imperiali
1411 954 1670 1001 maiestate
1709 954 1932 1018 subiecit,

250 1028 565 1075 Britannicas
603 1028 738 1075 ultra
776 1043 911 1075 mare
943 1027 1252 1075 Atlanticum
1291 1027 1411 1075 sitas
1450 1028 1638 1075 insulas
1668 1028 1794 1076 mira
1823 1028 1933 1077 feli-

253 1101 403 1150 citate
456 1102 711 1164 repressit,
765 1101 1001 1149 Actiacae
1052 1117 1250 1164 pugnae
1305 1101 1569 1149 certamine
1621 1102 1932 1164 triumphans

253 1175 444 1224 exstitit
489 1179 638 1238 atque
676 1175 1039 1238 Aegyptiacam
1080 1178 1366 1237 superatam
1410 1175 1633 1238 reginam
1675 1176 1934 1226 laetandas

251 1250 484 1312 praebere
523 1265 762 1297 mammas
802 1249 1109 1311 serpentibus
1147 1250 1405 1311 persuasit.
1474 1249 1787 1298 Dictaturam
1823 1266 1933 1313 per-

184 1342 228 1375 15
251 1326 458 1386 petuam
488 1325 761 1386 sellamque
787 1339 988 1371 auream
1017 1323 1204 1386 primus
1235 1324 1289 1370 in
1320 1323 1492 1370 urbem
1523 1325 1611 1371 aut
1639 1324 1817 1372 habuit
1846 1326 1935 1372 aut

250 1398 456 1446 inuenit.
510 1398 620 1445 Iani
650 1397 877 1461 belligeri
905 1398 1079 1445 limina
1108 1397 1315 1460 perenni
1344 1413 1540 1445 securus
1571 1398 1769 1446 clusura
1799 1397 1932 1446 dam-

252 1473 406 1520 nauit.
475 1473 622 1520 Ultra
658 1472 854 1520 Indicas
893 1472 1109 1519 latebras
1141 1487 1258 1519 suae
1289 1471 1642 1535 magnitudinis
1673 1472 1934 1534 imperium

252 1546 406 1593 duxit.
459 1547 527 1593 Et
550 1563 611 1593 ne
635 1546 894 1608 quippiam
917 1546 1163 1607 reliquum
1186 1545 1514 1607 remansisset,
1544 1546 1782 1593 mundum
1807 1545 1935 1594 sicut

251 1620 455 1668 marinis
500 1620 798 1668 terminatur
836 1620 1155 1668 amfractibus
1201 1619 1574 1667 describendum
1618 1619 1932 1667 censendum-

184 1713 230 1744 20
253 1710 349 1756 que
387 1694 659 1741 mandauit.
720 1694 856 1741 Haec
895 1696 1010 1741 sunt
1039 1696 1127 1740 tua
1158 1693 1291 1741 Deus
1323 1695 1510 1741 secreta
1539 1693 1774 1755 misteria,
1811 1693 1934 1742 haec

255 1783 423 1816 sacrae
460 1768 744 1815 natiuitatis
782 1782 986 1814 munera
1024 1767 1342 1829 sempiterna,
1381 1782 1539 1828 neque
1571 1767 1702 1813 enim
1732 1766 1935 1815 decebat

253 1842 398 1889 illum
434 1841 676 1904 regnandi
713 1841 891 1888 habere
929 1841 1237 1902 participem,
1276 1856 1424 1902 quem
1460 1840 1514 1887 in
1543 1842 1634 1887 tua
1664 1840 1934 1889 natiuitate

181 1928 237 1970 51
255 1916 541 1964 decreueras
593 1931 779 1978 regem,
834 1917 890 1962 ut
935 1914 1070 1962 Deus
1115 1914 1415 1976 principium
1462 1906 1645 1980 Ge1sari
1690 1915 1740 1961 et
1786 1913 1935 1963 Cesar

253 1989 554 2052 principium
591 1989 731 2037 fieret
768 1988 951 2035 mundi.

188 2080 231 2114 25
364 2063 592 2125 Denique
623 2066 680 2111 ut
709 2063 830 2110 haec
862 2062 1041 2109 clarius
1072 2060 1437 2110 manifestasset
1469 2061 1718 2124 diuinitas,
1749 2061 1934 2124 inspice

257 2137 379 2200 quid
417 2137 642 2199 deinceps
684 2137 919 2199 sequitur.
981 2135 1194 2183 Uidesne
1234 2138 1523 2183 eneruatum
1560 2136 1612 2183 in
1651 2136 1762 2183 aliis
1799 2136 1936 2184 ultra

254 2211 517 2274 imperium
572 2213 621 2259 et
671 2210 952 2259 lasciuienti
1006 2209 1193 2257 desidia
1246 2209 1297 2257 in
1344 2209 1660 2271 sequentibus
1707 2209 1934 2272 deinceps

374 2417 399 2454 2
426 2411 569 2464 etiam
585 2412 631 2454 P
651 2413 855 2468 (eoepmzx
870 2425 926 2454 m.
943 2412 1046 2467 rec.)
1069 2409 1166 2453 iam
1189 2426 1223 2453 ω
1301 2413 1327 2452 3
1352 2409 1553 2452 sternata
1569 2425 1604 2453 ω
1680 2411 1706 2451 5
1732 2406 1929 2465 sumpsit

255 2470 292 2514 S
333 2470 487 2527 coepit
518 2487 552 2513 ω
676 2469 882 2514 obtinuit
914 2469 957 2513 T
1101 2473 1127 2512 6
1159 2468 1283 2512 enim
1315 2467 1399 2512 ST
1544 2472 1570 2511 8
1602 2467 1804 2511 liberata
1836 2467 1879 2511 T

257 2533 282 2571 9
315 2528 451 2572 huius
479 2530 575 2572 RT
631 2529 798 2585 regiffii
825 2530 866 2573 T
899 2541 1042 2586 regno
1069 2527 1105 2573 S
1192 2531 1246 2570 10
1277 2525 1516 2571 maiestati
1539 2526 1576 2572 S
1662 2530 1715 2569 11
1748 2524 1931 2570 athlan-

255 2586 402 2631 ticum
425 2588 523 2631 RT
567 2587 799 2632 Gallicum
823 2587 859 2632 S
975 2592 1029 2630 12
1063 2585 1314 2630 certamine
1346 2600 1416 2630 om
1439 2585 1476 2630 S
1566 2584 1880 2642 triumphator
1901 2583 1940 2629 S

316 2651 371 2690 13
403 2646 561 2690 extitit
590 2647 683 2691 RS
690 2647 732 2690 T
833 2645 1147 2704 aegiptiacam
1175 2645 1223 2689 R
1269 2643 1552 2700 egiptiacam
1582 2644 1619 2688 S
1715 2643 1934 2699 superata

255 2705 419 2763 regina
450 2706 546 2750 PR
698 2709 752 2748 15
783 2705 897 2750 urbe
930 2705 966 2750 S
1112 2709 1166 2747 16
1207 2702 1421 2747 clausura
1452 2703 1537 2748 ST
1659 2701 1936 2758 dampnauit

257 2764 342 2809 ST
485 2769 539 2807 17
580 2763 651 2807 sui
688 2764 1061 2820 magnitudinem
1098 2761 1282 2819 imperii
1313 2761 1349 2807 S
1495 2765 1548 2805 19
1584 2760 1870 2804 anfractibus
1902 2759 1941 2806 S

255 2822 481 2867 fractibus
500 2824 543 2867 T
645 2827 699 2866 23
733 2823 902 2867 cesaris
927 2823 1026 2881 ST²
1135 2826 1191 2866 25
1215 2819 1537 2864 manifestaret
1553 2819 1589 2864 S
1661 2824 1766 2876 post
1789 2818 1933 2863 diuin.

257 2883 340 2928 lac.
372 2884 527 2941 siynat
556 2881 818 2938 Reiffersch.
