1976 3120
232 114 334 168 138
847 115 927 160 DE
959 115 1295 162 AETATIBUS

163 191 211 222 Η.

71 252 164 283 abest
178 252 208 283 B
225 256 336 288 cum
365 240 586 288 minante
617 241 766 302 caelo,
803 256 913 288 cum
942 240 1168 304 rugiente
1198 241 1460 304 profundo,
1499 258 1611 291 cum
1641 245 1898 292 aestuante

225 315 530 376 cataclismo,
577 317 627 363 et
672 315 1026 362 elementorum
1070 315 1291 364 omnium
1327 316 1490 366 uictor
1524 316 1716 366 modico
1754 333 1898 380 supe-

222 392 361 437 ratus
399 389 614 451 turpiter
646 388 976 450 prosternitur
1004 404 1159 449 mer03
1200 388 1429 438 aedificat
1458 405 1622 438 arcam
1651 391 1900 454 sapienter

221 463 556 524 tricameram,
604 479 702 524 quo
748 462 879 509 unda
918 463 1247 525 expugnatrix
1283 479 1384 511 non
1420 463 1669 526 repperiat
1704 464 1896 527 rimam,

179 554 198 587 5
224 539 272 584 et
325 539 493 584 tamen
540 535 768 583 madidus
812 536 1106 584 merulentia
1151 537 1343 585 nudata
1395 537 1603 599 posteris
1655 540 1899 587 monstrat

117 655 123 659 .
220 610 434 672 turpiter
470 610 672 658 iacendo
709 609 950 671 pudenda.
1017 609 1242 658 Sufficiat
1280 627 1396 674 ergo
1433 611 1702 674 hucusque,
1741 627 1896 674 quan-

220 686 328 732 tum
349 700 426 732 res
459 684 650 747 exigere
679 683 858 745 potuit,
889 683 1130 732 secundae
1156 684 1334 733 aetatis
1365 685 1538 733 mundi
1568 688 1718 748 atque
1741 687 1897 735 homi-

220 775 341 806 num
390 757 720 807 concinentias
771 772 1038 806 enarrasse.
1073 754 1080 823 Ι

147 934 203 974 11
1014 920 1104 968 ῙΠ.

62 1035 155 1067 abest
176 1035 202 1067 o
333 1022 464 1072 Ordo
505 1022 757 1085 adsumpti
794 1022 947 1087 exigit
986 1023 1167 1085 operis,
1216 1039 1314 1086 quo
1353 1024 1503 1072 tertia
1540 1025 1711 1072 mundi
1757 1028 1894 1075 aetas

153 1117 194 1148 11
218 1097 527 1160 hominisque
559 1097 787 1145 similiter
814 1097 873 1145 de
902 1096 1145 1145 trilustrio
1176 1099 1476 1146 monstretur
1506 1099 1664 1147 status
1696 1101 1893 1148 seruato

219 1173 369 1220 etiam
414 1171 591 1219 tertiae
637 1171 834 1219 litterae
881 1170 1196 1233 detrimentO,
1242 1187 1303 1219 ne
1351 1187 1450 1220 non
1488 1187 1577 1220 suo
1618 1171 1893 1235 subripiens

216 1245 342 1294 libro
383 1245 600 1294 adsumti
639 1245 798 1307 operis
839 1244 1059 1294 ordinem
1096 1247 1254 1293 uexet.
1891 1264 1894 1266 ·

328 1319 425 1376 Qui
470 1319 670 1381 quidem
714 1318 840 1367 liber
889 1335 947 1366 ex
991 1317 1297 1380 Babyloniae
1347 1319 1637 1368 fundatione
1683 1319 1894 1370 sumebit

152 1410 194 1443 15
217 1393 415 1442 initium
445 1392 662 1455 Ninique
692 1393 822 1456 regis
853 1393 938 1440 uel
962 1392 1322 1440 Sameramidis'
1338 1393 1538 1456 reginae
1567 1393 1892 1457 temporibus;

217 1469 407 1516 turrem
438 1466 588 1514 etiam
617 1466 805 1515 famoso
839 1466 1029 1514 ambitu
1065 1465 1350 1514 fundamine
1389 1466 1687 1515 destinatam
1716 1467 1891 1516 totius-

219 1558 312 1603 que
349 1540 524 1603 populi
563 1555 715 1602 aeque
753 1540 946 1588 unitate
978 1542 1127 1602 atque
1166 1540 1367 1602 linguae
1400 1539 1697 1589 adunatione
1729 1540 1889 1604 dispo-

216 1614 375 1677 sitam,
416 1630 543 1676 quae
580 1614 804 1676 teg-alato
841 1613 996 1661 latere
1029 1616 1078 1661 et
1107 1613 1380 1662 Puteolano
1410 1614 1617 1676 puluere
1649 1615 1731 1662 uel
1761 1614 1890 1663 bitu·

215 1688 346 1736 mine
393 1687 685 1736 eminentior
728 1687 887 1750 surgit
933 1689 1177 1735 astrorum
1221 1686 1515 1735 sublimitati
1566 1687 1890 1750 propinquior

151 1779 193 1811 20
218 1764 268 1810 et
313 1762 474 1824 ipsam
510 1777 633 1823 pene
678 1761 902 1807 lunarem
943 1759 1046 1808 suis
1092 1760 1294 1822 pulsans
1334 1761 1526 1823 angulis
1567 1760 1775 1809 orbitam
1817 1789 1887 1795 —

213 1835 285 1883 ibi
308 1835 489 1884 etenim
514 1834 732 1896 dispersa
755 1833 1101 1881 uniuersaliter
1122 1833 1406 1896 linguarum
1428 1833 1646 1883 uarietas
1669 1834 1888 1884 medium

212 1908 464 1957 interemit
495 1908 654 1970 operis
686 1907 935 1969 adsumpti
965 1906 1230 1970 negotium,
1262 1909 1331 1968 ut,
1363 1907 1482 1955 dum
1513 1907 1623 1970 quis
1656 1910 1885 1957 extruens

214 1983 347 2046 quod
375 1983 530 2030 uellet
557 1980 844 2043 inquireret,
884 1980 1022 2028 aliud
1054 1979 1139 2042 qui
1177 1980 1402 2029 deorsum
1433 1981 1597 2029 fuerat
1627 1981 1887 2031 obtulisset

215 2059 285 2119 et,
332 2056 448 2103 dum
499 2071 601 2102 una
647 2056 775 2102 esset
820 2054 1066 2102 adsumtio
1113 2054 1475 2117 exurgentium,
1532 2054 1700 2117 dispar
1745 2055 1884 2105 fieret

333 2216 387 2255 16
411 2225 500 2268 sqq.
533 2211 589 2266 cf.
624 2208 734 2253 Gen.
763 2214 815 2252 11

334 2363 356 2402 1
392 2357 610 2401 extuante
634 2357 679 2401 V
772 2361 797 2399 3
828 2355 1133 2413 prosternitas
1150 2356 1197 2400 P
1283 2355 1472 2400 archam
1495 2357 1531 2402 S
1621 2361 1650 2401 4
1680 2357 1884 2415 reperiat

213 2432 297 2477 SV
383 2435 408 2474 5
439 2429 714 2474 merolentia
739 2429 774 2474 S
861 2434 886 2473 7
912 2429 1012 2473 scdi
1035 2429 1072 2474 S
1157 2434 1183 2474 8
1215 2429 1525 2474 continentias
1542 2430 1638 2475 PV
1704 2432 1758 2475 de
1778 2432 1881 2476 sub-

211 2491 453 2547 scriptione
475 2491 531 2544 cf.
550 2503 599 2546 p.
625 2491 728 2544 134,
743 2492 802 2532 14
914 2493 969 2532 10
994 2488 1118 2544 quod
1141 2489 1186 2533 V
1292 2494 1343 2532 11
1368 2489 1457 2533 hoc
1485 2487 1711 2533 trilustrio
1734 2489 1772 2534 S
1803 2489 1882 2534 de-

213 2548 428 2592 cilusorio
454 2548 498 2592 V
606 2551 662 2591 13
694 2546 920 2604 assumpti
943 2547 1029 2592 SV
1137 2551 1192 2590 14
1221 2546 1489 2592 babiloniae
1513 2548 1598 2593 SV
1679 2547 1881 2592 sumebit

211 2607 400 2651 initium
429 2608 648 2663 scriptum
655 2625 671 2662 ,·
702 2608 892 2650 alterum
921 2620 1098 2651 erasum
1121 2605 1168 2649 P
1244 2607 1396 2650 sumet
1418 2606 1504 2651 SV
1595 2610 1650 2650 15
1683 2604 1879 2650 Semira-

211 2665 351 2710 midis
375 2666 462 2711 SV
485 2680 592 2710 man
619 2679 692 2710 rec
721 2667 774 2708 in
796 2665 842 2708 P
943 2669 995 2708 16
1027 2666 1151 2708 turre
1176 2663 1213 2708 S
1248 2664 1413 2708 turrim
1437 2665 1481 2708 V
1565 2663 1768 2708 ambitus
1793 2665 1828 2709 S
1842 2664 1889 2709 V

272 2724 508 2768 destinata
531 2723 568 2768 S
647 2727 701 2767 17
726 2725 865 2779 atque
889 2723 984 2767 PV
1009 2737 1078 2768 om
1102 2723 1139 2768 S
1164 2736 1311 2778 aeque
1339 2724 1563 2781 Plasberg
1638 2727 1691 2766 18
1725 2722 1878 2780 dispo-

211 2782 353 2828 sitam
369 2784 444 2828 He
520 2788 573 2826 19
600 2781 887 2826 sublimitate
904 2782 1000 2826 PV
1068 2786 1123 2825 20
1145 2782 1325 2826 verbum
1340 2782 1483 2838 periit
1504 2787 1587 2826 aut
1608 2784 1879 2827 constructio

209 2848 415 2887 mutatwr
534 2846 587 2885 21
621 2840 744 2885 enim
774 2842 816 2884 V
923 2845 977 2883 22
1009 2839 1198 2898 negotio
1222 2840 1268 2884 P
1294 2842 1378 2896 (em
1406 2854 1462 2884 m.
1493 2842 1597 2895 rec.)
1707 2844 1765 2883 24
1795 2840 1877 2885 ad·

212 2900 381 2945 sumtio
406 2902 636 2957 (suprascr
658 2915 688 2956 p
711 2915 766 2945 m.
790 2901 893 2956 rec.)
917 2900 963 2943 P
1004 2898 1258 2956 assumptio
1283 2899 1368 2944 SV
1477 2898 1822 2956 exsurgentium
1844 2899 1884 2946 S
