1976 3120
0 674 6 683 ·
0 649 6 654 “
0 623 9 630 ¹·
0 415 13 592 ··.<w-·-»=vuv
0 298 15 392 v-r-
0 0 20 276 mw—-a-fflwm

43 162 45 165 .
40 97 51 113 ς
44 26 54 62 ,ω

660 102 861 148 MUNDI
891 103 969 147 ET
1001 101 1258 148 HOMINIS
1694 102 1795 155 151

1822 178 1861 210 Η

110 234 165 281 et
201 230 540 294 frequentibus
573 230 856 293 conceptrix
890 229 1086 278 tumida
1123 227 1398 292 puerperiis
1439 228 1660 275 animum
1697 231 1798 276 tor·
1814 240 1908 271 abest
1925 240 1955 272 G

110 305 368 355 mentabat
421 305 648 354 adflictae
704 304 966 366 consortis3
1020 303 1107 352 sed
1161 318 1269 352 ecce
1317 302 1490 350 diuina
1538 302 1801 350 clementia

109 380 430 429 tristitiarum
475 379 767 428 medelatrix
811 378 1083 427 interuenit
1129 379 1180 426 et
1225 377 1538 426 adflictorum
1581 376 1799 424 salutare

111 454 393 503 antidotum
452 453 587 501 Deus
640 470 740 503 non
802 455 962 502 cessat
1023 453 1193 501 adesse
1246 451 1508 514 propitius.
1601 451 1802 513 Accipit

109 544 325 591 namque
373 528 558 576 sterilis
604 543 756 576 unam
801 527 861 576 de
909 526 1162 576 sacrificiis
1208 528 1403 589 partem
1449 527 1498 574 et
1534 525 1801 588 triplarum
1825 544 1844 575 5

109 602 538 666 portiuncularum
582 617 787 650 munere
826 602 1131 650 cumulatam
1168 600 1427 650 infremuit
1470 599 1801 648 maestificata

6 682 10 685 '
40 695 42 698 ’
111 691 341 739 sororem,
374 679 425 725 et
457 676 686 739 quamuis
716 675 939 724 maritali
962 676 1184 724 animata
1217 675 1410 736 solatio,
1440 674 1605 723 inerat
1630 677 1800 723 tamen

108 751 419 800 ulcerulenta
465 750 669 800 cicatrix
717 750 928 813 zelotipo
974 750 1193 799 toxicata
1240 748 1472 798 cauterio.
1556 749 1799 798 Posthaec

111 827 357 888 quantum
402 825 584 874 doloris
631 825 806 873 acredo
853 817 1169 892 dicltauerat,
1218 824 1432 872 sacrario
1470 824 1647 886 templi
1684 840 1795 886 pro·
1814 835 1875 877 24

0 904 4 937 ι*
38 895 50 962 “,.
108 902 270 949 strata
306 899 514 948 internis
551 899 750 948 fletibus
790 915 847 947 ac
885 901 1074 947 secreto
1108 898 1266 948 cordis
1306 898 1579 947 aestuantis
1619 898 1799 947 affectu
1825 916 1867 948 ιο

108 973 336 1024 caelestis
373 976 548 1036 portae
588 974 808 1022 assulam
844 973 1001 1021 tacita
1040 973 1350 1022 clamositate
1390 972 1636 1036 pulsabat.
1704 972 1801 1021 Sed

1 1081 6 1084 -
36 1103 38 1105 ,
109 1064 219 1098 ecce
256 1048 342 1096 ille
380 1047 764 1098 indormitabilis
802 1047 1034 1110 medicus,
1074 1047 1155 1096 cui
1192 1063 1291 1095 non
1335 1047 1473 1096 uocis
1513 1047 1799 1110 admonitio,

110 1123 197 1172 sed
224 1125 525 1172 secretorum
549 1123 757 1170 debetur
778 1122 1034 1184 inspectio,
1068 1122 1201 1170 auris
1226 1124 1415 1170 secreta
1440 1121 1802 1170 admirabiliter

0 1185 3 1230 ἶ
38 1246 39 1250 ,
107 1212 251 1260 pura,
291 1213 444 1259 quam
481 1213 581 1245 non
618 1196 824 1245 instruit
862 1196 1064 1244 uerbale
1104 1196 1467 1259 commercium,
1512 1212 1663 1258 quam
1702 1212 1801 1244 non

108 1272 235 1320 latet
274 1271 508 1319 secretale
549 1271 814 1333 silentium,
852 1286 1002 1333 penes
1043 1287 1191 1333 quem
1227 1271 1543 1319 taciturnitas
1584 1272 1800 1319 clamoso
1826 1288 1868 1320 15

107 1348 344 1408 personat
390 1345 601 1407 strepitu
648 1348 698 1394 et
744 1345 1044 1394 conscientia
1092 1347 1433 1408 quantumque
1481 1345 1687 1394 obscura
1735 1345 1800 1393 sit

108 1420 268 1468 nescit
306 1420 466 1468 celare
506 1422 761 1482 secretum,
801 1419 942 1468 adest
981 1419 1260 1468 sterilitatis
1293 1419 1462 1468 aridae
1494 1419 1799 1482 fecundator,

109 1494 364 1543 oculorum
401 1494 770 1542 lacrimantium
809 1494 1095 1556 desiccator,
1135 1493 1491 1543 desideriorum
1529 1509 1800 1556 concessor,

108 1569 232 1617 dans
262 1571 439 1617 uotum
470 1568 752 1630 optantium
784 1570 834 1616 et
855 1568 1165 1616 humilitates
1190 1568 1455 1616 subleuans
1479 1568 1798 1617 infirmorum.

26 1635 36 1670 Ψ
109 1643 235 1692 Ecce
275 1642 406 1690 enim
450 1642 582 1690 inter
618 1645 724 1690 tam
772 1658 912 1690 sacra
951 1642 1339 1705 admirandaque
1380 1643 1655 1691 conmercia
1692 1659 1798 1690 mu-
1824 1662 1867 1693 20

0 1695 38 1781 ’ξ’
107 1716 243 1765 lieris
296 1716 513 1780 petentis
567 1719 618 1765 et
663 1716 851 1766 domini
897 1717 1228 1779 concedentis,
1282 1717 1401 1764 dum
1454 1717 1624 1766 dolens
1673 1733 1799 1779 quae

29 1812 38 1850 ς-
108 1791 358 1840 desiderat
396 1791 592 1854 quaerit
630 1794 680 1839 et
711 1791 937 1840 dominus
977 1791 1255 1840 desiderata
1278 1791 1531 1858 concedit,
1573 1792 1799 1840 sacerdos

105 1865 376 1914 interuenit
414 1867 464 1914 et
500 1865 946 1915 inconsideratione
981 1881 1315 1928 praepropera
1345 1882 1589 1915 merorem
1618 1865 1799 1915 mentis

0 1932 2 1953 ³
26 1935 38 2009 ξ
106 1939 456 1988 merulentiam
480 1940 688 1988 credidit
710 1940 956 2002 mulieris3
988 1940 1074 1988 sed
1097 1941 1215 1988 dum
1239 1940 1411 1988 scisset
1435 1941 1569 2003 quod
1591 1940 1801 2003 potandi

0 2024 1 2027 ’
107 2029 208 2062 non
239 2016 347 2062 erat
377 2014 536 2077 culpa,
576 2014 661 2062 sed
690 2014 921 2076 plorandi
950 2015 1115 2063 fuerat
1144 2031 1320 2077 poena,
1357 2017 1617 2076 exoptator
1648 2015 1800 2063 etiam
1824 2033 1867 2066 25

0 2085 1 2092 ’
28 2109 37 2155 ς,Ὶ
106 2087 214 2150 ipse
253 2103 429 2136 causae
467 2088 570 2136 iam
608 2088 769 2136 factus
803 2091 878 2136 est
906 2089 1187 2151 inpetratae
1220 2091 1270 2137 et
1310 2089 1427 2151 quia
1467 2089 1584 2137 deus
1624 2105 1713 2151 per
1747 2104 1798 2137 se

29 2189 36 2215 ·.
106 2161 247 2224 loqui
291 2162 473 2225 noluit,
520 2163 787 2211 sacerdotis
835 2178 917 2211 ore
966 2163 1102 2225 quod
1138 2163 1435 2225 promiserat
1473 2163 1798 2211 confirmauit.

29 2231 33 2294 ζ
106 2235 284 2298 Itaque
315 2236 490 2284 Annae
528 2236 797 2285 uisceribus
835 2236 1077 2285 incubans
1108 2237 1377 2285 uernacula
1409 2237 1530 2285 olim
1561 2237 1799 2286 sterilitas

28 2297 34 2354 ἔ
107 2309 378 2359 forinsecus
410 2310 615 2372 pellitur
646 2313 696 2358 et
726 2310 961 2359 fertilitas
994 2312 1174 2359 uuluae
1206 2311 1512 2359 domicilium
1543 2311 1630 2359 ubi
1659 2328 1799 2359 num-

28 2396 33 2455 2
108 2400 262 2446 quam
298 2384 529 2432 interfuit
565 2384 791 2432 habitare
829 2385 1040 2433 iubetur.
1117 2384 1279 2433 Discit
1315 2387 1477 2433 mater
1518 2400 1622 2433 esse
1668 2385 1798 2448 quod
1821 2405 1865 2437 30

229 2501 283 2539 19
315 2499 371 2551 cf.
405 2495 482 2540 Ez.
517 2501 587 2553 21,
612 2501 668 2541 26

227 2618 253 2659 8
293 2614 507 2672 zelotypo
540 2615 631 2660 RS
785 2620 840 2660 10
881 2585 1038 2661 {fectu
1085 2615 1134 2673 (d
1181 2630 1395 2673 suprascr
1439 2630 1497 2662 m.
1542 2618 1650 2668 rec.)
1699 2616 1745 2660 P

110 2677 163 2718 11
198 2673 380 2718 asulam
406 2692 441 2718 ω
471 2689 688 2731 suprascr
711 2676 727 2719 1
753 2675 964 2720 clausula
980 2675 1017 2720 S
1046 2674 1254 2719 assulam
1277 2675 1498 2734 Plasberg
1629 2680 1682 2719 12
1716 2675 1799 2720 ille

108 2746 179 2777 om
205 2734 249 2775 Ρ
394 2739 447 2778 16
480 2736 764 2791 quantum-iffi
790 2735 827 2780 S
974 2740 1027 2779 19
1061 2734 1328 2778 obtantium
1352 2735 1449 2780 PR
1601 2740 1657 2779 20
1690 2749 1798 2779 con-

108 2790 276 2842 mertia
306 2795 538 2851 (suprascr
562 2808 587 2838 c
613 2809 668 2839 m.
694 2798 798 2849 rec.)
823 2795 870 2838 P
904 2794 1183 2839 commercia
1205 2794 1298 2839 RS
1409 2799 1463 2838 21
1498 2796 1639 2862 quae]
1671 2795 1798 2851 quod

107 2849 265 2909 RSP,
411 2857 466 2896 23
501 2867 751 2898 memorem
774 2854 821 2900 R
965 2859 1020 2898 28
1053 2853 1306 2899 uernacula
1334 2854 1371 2899 S
1489 2853 1714 2898 sterihtas
1741 2880 1798 2887 —

109 2908 331 2954 fertilitas
355 2915 410 2955 29
435 2926 505 2957 om
529 2913 565 2958 S
