1976 3120
675 97 884 143 MUNDI'
906 97 985 143 ΕΤ
1013 95 1270 144 HOMINIS
1706 95 1812 148 143

1835 172 1875 204 Η

134 223 374 273 uirtutem
418 239 647 288 pugnans
694 223 910 273 obteruit
956 226 1006 273 et
1051 223 1261 273 caeleste
1305 222 1646 271 testimonium
1694 223 1814 285 quia
1829 233 1919 265 abeat
1934 233 1967 266 D

133 298 407 362 promeruit
443 298 639 346 meruit.

244 372 431 420 Tamen
485 389 610 435 quae
671 372 765 421 sibi
825 372 1007 421 similia
1056 372 1110 421 in
1161 371 1238 420 his
1297 371 1517 419 humana
1569 370 1812 419 natiuitas

135 446 353 510 quaerit,
393 448 445 495 et
482 447 673 495 enixius
711 449 1082 509 pertractemus.
1149 445 1424 508 Postquam
1461 444 1593 493 enim
1631 444 1812 494 litteris

130 536 268 569 mens
305 520 483 569 inbuta
522 520 824 583 quibuslibet
864 520 1075 585 ingeniis
1114 535 1311 569 sensum
1347 519 1401 567 in
1439 534 1577 582 spem
1613 519 1811 567 futurae
1836 536 1856 569 5

132 594 428 659 cognitionis
467 595 749 657 armauerit,
791 595 963 643 statim
1001 596 1248 644 contemto
1286 593 1529 658 genuinae
1567 593 1812 642 stultitiae

130 669 302 718 nubilo
362 669 505 717 uelut
563 669 667 717 illic
725 672 887 718 terrae
947 669 1178 732 propriae
1231 668 1518 717 habitaculo
1571 667 1813 716 bonorum

131 745 336 792 actuum
373 743 538 806 cupiet
576 743 794 807 cogitare
833 743 1102 807 negotium,
1142 746 1192 792 et
1230 746 1288 791 ut
1324 742 1428 791 illic
1457 742 1688 791 Abrahae
1729 742 1811 791 ob·

129 817 482 883 temperantia,
527 817 602 866 ita
648 817 727 866 hic
774 833 884 880 spes
928 816 1168 866 bonitatis
1220 816 1493 880 inquiritur
1534 817 1811 879 profutura.

128 890 372 941 Posthaec
409 891 569 940 carnis
607 890 936 954 luxuriaeque
975 891 1027 939 in
1065 891 1403 940 meretricibus
1443 890 1631 940 absciso
1669 907 1810 953 prae·
1835 908 1878 939 10

128 965 271 1029 putio
318 966 478 1015 solum
523 965 601 1014 sui
645 965 864 1029 coniugii
908 965 1096 1028 expetit
1131 965 1505 1015 matrimonium
1546 981 1635 1014 nec
1671 965 1811 1015 iuue-

128 1039 266 1089 nales
313 1040 567 1103 amplexus
612 1039 799 1088 iactare
846 1040 1014 1102 cupiet
1057 1039 1110 1087 in
1154 1040 1403 1089 erratilem
1443 1039 1680 1104 gratiam,
1724 1039 1814 1088 ubi

129 1129 269 1163 amor
331 1129 552 1176 amaruS,
620 1114 809 1163 fructus
876 1114 1042 1163 labilis
1104 1116 1154 1163 et
1214 1114 1440 1163 emticius
1498 1129 1691 1177 semper
1754 1129 1812 1163 ac

129 1187 320 1237 uenalis
359 1188 577 1237 affectus.
654 1188 897 1237 Posthaec
943 1187 1180 1237 seminale
1220 1188 1547 1237 conmercium
1586 1187 1810 1237 omnibus

128 1262 352 1325 patribus
397 1262 696 1326 generaliter
732 1265 953 1326 gratum,
997 1262 1084 1325 qui
1121 1265 1237 1311 sunt
1273 1262 1366 1310 filii
1403 1265 1570 1311 tamen
1608 1262 1812 1311 caelesti
1835 1279 1877 1313 15

129 1337 330 1399 affectu,
375 1337 489 1399 plus
535 1338 658 1399 aput
702 1336 975 1399 sapientem
1014 1337 1189 1399 electe,
1235 1336 1441 1399 incipiet
1479 1352 1583 1386 esse
1621 1339 1809 1399 postre-

127 1427 276 1459 mum.
361 1408 532 1459 Omnis
586 1410 716 1458 enim
769 1411 964 1473 sapiens
1019 1413 1069 1459 et
1123 1413 1255 1459 recte
1310 1411 1604 1475 intellegens
1646 1407 1652 1477 Ι
1694 1411 1808 1473 plus
1825 1422 1885 1465 16

130 1483 318 1547 opificis
364 1484 444 1533 sui
489 1484 830 1533 excellentiam
875 1486 1141 1533 ueneratur
1187 1501 1338 1548 quam
1382 1485 1596 1534 filiorum
1643 1501 1809 1535 amore

128 1558 503 1622 constringitur,
551 1559 869 1621 anteponitur
906 1559 1039 1607 enim
1087 1559 1172 1607 ille
1217 1558 1350 1608 omni
1396 1560 1596 1608 affectui
1634 1561 1685 1608 et
1725 1560 1810 1623 qui

126 1632 251 1680 nihil
291 1647 491 1681 suorum
523 1634 639 1680 uult
677 1633 919 1696 amittere,
958 1633 1101 1682 illum
1140 1634 1352 1696 amplius
1389 1636 1596 1697 paratus
1628 1634 1694 1682 sit
1726 1633 1808 1684 ob·
1834 1652 1877 1684 20

127 1721 346 1768 seruare,
385 1707 516 1755 sicut
554 1706 787 1756 Salomon
826 1707 919 1756 ait:
968 1703 1193 1755 ‘Initium
1230 1708 1504 1770 sapientiae
1547 1707 1698 1757 timor
1735 1711 1811 1758 est

25 1790 27 1794 ·
125 1776 437 1829 maiestatis’.
535 1781 697 1845 Igitur
751 1797 902 1844 quam
960 1782 1253 1830 conueniens
1305 1782 1536 1830 humanis
1589 1782 1808 1834 moribus

128 1854 285 1903 omnis
324 1855 634 1903 saeculorum
672 1871 923 1919 excursuS,
969 1854 1108 1919 rfota3
1157 1854 1281 1919 aput
1321 1856 1578 1905 iuuenales
1618 1857 1810 1906 animos

128 1928 374 1991 sapientia
420 1929 732 1992 concupitur,
784 1927 946 1993 [nota]
998 1933 1121 1993 aput
1164 1930 1418 1979 Abraham
1463 1931 1688 1980 caelestis
1734 1947 1808 1980 re·

217 2139 271 2180 21
289 2137 346 2192 cf.
364 2135 580 2181 Prouerb.
602 2141 642 2194 1,
660 2140 685 2181 7
718 2141 759 2193 9,
778 2141 834 2181 10
892 2136 1063 2182 Psalm.
1083 2142 1181 2196 111,
1201 2143 1255 2183 10
1316 2138 1673 2184 Ecclesiasticus
1694 2145 1732 2196 1,
1754 2143 1806 2183 16

218 2339 242 2380 1
276 2335 480 2380 obteruit
510 2336 606 2381 PR
651 2337 709 2391 cf.
735 2351 783 2394 p.
816 2339 968 2392 137,3
1015 2336 1208 2381 obtriuit
1231 2337 1268 2382 S
1412 2337 1525 2395 quia
1553 2337 1810 2395 promeruit

127 2393 299 2439 meruit
320 2395 417 2440 PR
450 2396 492 2440 h.
517 2410 551 2440 e.
577 2397 657 2452 qui
686 2398 988 2453 promeruerit
1025 2396 1193 2454 diynus
1221 2398 1315 2452 fuit
1411 2396 1523 2453 quia
1553 2396 1810 2454 promeruit

127 2452 295 2498 habuit
317 2454 354 2498 S
511 2459 540 2498 4
581 2456 628 2498 et
665 2468 735 2500 om
758 2454 850 2500 RS
1002 2460 1027 2499 5
1061 2469 1141 2512 spe
1165 2456 1211 2499 P
1356 2460 1382 2500 6
1422 2457 1688 2513 contempto
1719 2455 1813 2502 RS

188 2517 212 2557 7
245 2512 344 2558 illic
367 2513 414 2557 P
451 2511 525 2557 illi
547 2513 592 2557 R
633 2512 714 2558 ille
737 2513 775 2559 S
889 2514 1075 2575 proprie
1113 2514 1299 2581 terre-S
1435 2520 1487 2559 11
1521 2515 1749 2560 iuueniles
1775 2515 1812 2561 S

188 2606 243 2645 12
275 2601 406 2659 cupit
429 2601 466 2647 S
597 2606 652 2646 18
682 2601 928 2660 empticius
952 2603 998 2648 R
1139 2608 1193 2647 15
1226 2588 1255 2660 <i
1285 2593 1339 2648 E
1371 2594 1419 2648 εἴ
1442 2603 1530 2648 filii
1559 2594 1613 2649 tsi
1643 2604 1807 2672 celesti

127 2659 165 2705 S
289 2665 344 2704 16
376 2661 524 2706 electo
547 2661 595 2705 P
632 2660 832 2706 electum
855 2662 947 2707 RS
1047 2665 1258 2708 omissum
1288 2670 1351 2709 est
1385 2663 1452 2708 eis
1582 2669 1636 2708 17
1668 2664 1805 2708 intel-

126 2718 277 2778 ligens
301 2719 338 2764 S
476 2724 531 2764 19
564 2719 734 2765 affectu
758 2720 795 2766 S
902 2722 956 2764 ut
986 2721 1067 2777 qui
1097 2721 1245 2767 nichil
1269 2722 1306 2767 S
1443 2727 1496 2767 21
1532 2724 1742 2768 solomon
1766 2723 1813 2767 P

130 2777 350 2823 Salamon
372 2778 409 2824 S
523 2783 579 2824 22
610 2779 757 2838 igitur
786 2781 901 2824 nota
931 2794 1072 2837 quam
1097 2781 1133 2825 S
1241 2782 1520 2827 conueniens
1536 2783 1583 2826 P
1610 2782 1807 2827 conueni

130 2849 209 2881 eas
232 2837 279 2883 R
325 2837 604 2883 conueniens
635 2841 714 2884 eat
736 2839 774 2884 S
905 2844 961 2883 23
993 2853 1211 2884 excursus
1230 2877 1238 2884 .
1255 2843 1370 2886 nota
1408 2841 1520 2898 quia
1558 2843 1683 2900 apud
1715 2842 1752 2887 S

128 2894 358 2941 iuueniles
382 2897 419 2942 S
578 2902 635 2942 24
665 2899 780 2943 nota
809 2898 921 2955 quia
953 2903 1014 2956 ap
1037 2898 1074 2944 S
1111 2901 1226 2944 nota
1255 2901 1327 2946 del
1349 2901 1424 2946 He
