1976 3120
183 785 426 830 Palassinus
458 791 542 830 886
842 809 896 823 =
922 787 967 830 P

182 860 457 919 Reginensis
493 865 576 904 173
842 883 897 897 =
922 861 968 905 R
1000 860 1151 917 (deest
1181 874 1210 904 a
1238 876 1284 918 p.
1320 865 1564 918 130—141‚
1584 862 1626 918 8)

184 933 461 979 Sorbonicus
495 939 580 978 268
843 956 897 970 =
923 934 959 978 S
986 934 1134 991 (deest
1165 947 1194 977 a
1223 949 1266 991 p.
1295 939 1393 990 177,
1415 939 1457 991 7)

183 1006 483 1051 Taurinensis
507 1008 600 1051 DN
625 1013 678 1052 39
849 1031 903 1044 =
932 1009 973 1052 T
1002 1007 1151 1064 (deest
1174 1022 1203 1052 a
1225 1023 1270 1065 p.
1291 1012 1388 1065 130,
1408 1013 1432 1052 6
1459 1009 1520 1053 ad
1542 1025 1585 1066 p.
1614 1013 1711 1066 171,
1730 1010 1803 1067 21)

181 1081 457 1139 (Vaticanus
490 1088 513 1125 7
520 1087 604 1126 257
844 1105 898 1119 =
926 1083 987 1138 V)
1014 1083 1123 1138 (non
1147 1084 1532 1127 commemoratur
1556 1097 1584 1127 a
1606 1098 1651 1139 p.
1672 1088 1770 1140 141,
1789 1085 1862 1140 17)

183 1153 353 1199 Omnes
370 1155 552 1200 codices
575 1155 656 1212 qui
679 1170 818 1213 supra

227 1229 474 1274 memorati
553 1232 660 1273 suni]
736 1232 818 1274 aut

227 1305 413 1361 praeter
444 1317 521 1347 eos
554 1303 635 1359 qui
669 1303 815 1347 nomi-

227 1377 378 1421 naizim
391 1377 822 1434 afferunturreliqui
842 1400 898 1415 =
922 1395 956 1421 ω

301 1524 438 1569 Fabii
462 1524 647 1568 Claudii
670 1524 895 1569 Gordiani
918 1524 1156 1582 Fulgentii
1186 1523 1278 1567 uiri
1309 1524 1558 1570 clarissimi
1588 1526 1709 1571 liber
1730 1525 1862 1571 uolu-

183 1584 362 1628 minum
378 1584 526 1628 XXIII
551 1585 608 1628 de
633 1583 838 1628 etatibus
863 1583 1025 1627 mundi
1041 1584 1078 1627 Sc
1098 1582 1300 1627 hominis
1323 1585 1574 1629 reseruatis
1597 1601 1629 1644 p
1655 1585 1862 1643 singulos

185 1672 329 1717 libros
371 1672 567 1729 singulis
607 1671 777 1716 litteris
817 1673 876 1716 ab
910 1686 939 1716 a
969 1687 1069 1728 usq3
1101 1672 1150 1715 in
1181 1689 1204 1716 z
1236 1657 1300 1730 (Old
1336 1661 1480 1730 prim-‘³
1510 1672 1632 1716 liber
1660 1673 1863 1731 primam

184 1737 217 1775 fl
247 1732 424 1776 habeat
453 1731 613 1775 littera
645 1731 712 1775 sic
744 1731 838 1775 etia
868 1747 969 1787 usq;
1002 1732 1064 1775 ad.
1094 1733 1331 1788 postremfi
1361 1733 1646 1788 postremam
1670 1733 1709 1776 Β

303 1789 440 1834 Fabii
456 1789 641 1835 Claudii
657 1789 882 1835 Gordiani
897 1790 1133 1847 Fulgentii
1157 1791 1247 1835 uiri
1277 1790 1523 1835 clarissimi
1546 1804 1628 1847 per
1651 1789 1862 1848 singulos

186 1848 383 1907 singulis
407 1849 556 1894 literis
577 1850 830 1894 secundum
854 1849 1062 1893 ordinem
1085 1849 1327 1895 liminatis.
1374 1849 1512 1893 Liber
1526 1850 1548 1892 I
1571 1849 1747 1905 absque
1763 1848 1805 1892 A
1825 1851 1871 1894 V

302 1907 457 1952 Flauii
495 1907 661 1953 Claudi
693 1907 917 1952 Gordiani
946 1907 1184 1965 Fulgentii
1221 1909 1341 1954 liber
1376 1908 1552 1965 primus
1591 1907 1759 1966 incipit
1801 1908 1859 1952 de

185 1967 390 2011 statibus
414 1967 576 2011 mundi
600 1969 647 2011 et
668 1966 869 2011 hominis
893 1980 1134 2011 reseruans
1157 1982 1240 2025 per
1258 1968 1464 2026 singulos
1489 1967 1633 2011 libros
1651 1967 1858 2025 singulas

184 2026 365 2070 litteras
398 2027 458 2070 ab
489 2027 530 2070 A
561 2040 705 2082 usque
736 2027 786 2069 in
817 2027 863 2070 Z.
926 2025 1015 2079 Qui
1051 2026 1162 2070 libri
1201 2029 1309 2071 suni:
1346 2025 1516 2084 uiginti
1555 2026 1592 2070 85
1631 2028 1726 2071 tres
1760 2027 1802 2070 T

182 2086 420 2144 inscriptio
450 2086 568 2132 deest
591 2084 688 2131 PR
