1976 3120
786 673 1006 729 LIBER
1044 673 1071 727 I

14 753 62 856 ξ
189 801 428 860 Quamuis
482 800 786 849 inefficacem
838 800 981 862 petat
1035 797 1256 846 studium
1300 812 1379 845 res
1435 811 1562 858 quae
1614 798 1749 843 caret
1767 743 1858 848 5ῗὸ

79 878 307 926 effectum
346 878 396 925 et
433 874 522 924 ubi
561 874 951 924 emolumentum
990 872 1128 921 deest
1173 871 1364 935 negotii
1409 886 1560 919 causa
1607 873 1768 918 cessat

76 951 265 1015 inquiri
297 978 365 984 —
399 950 491 1000 hoc
520 948 754 998 uidelicet
784 950 946 1010 pacto,
988 947 1108 1010 quia
1138 946 1298 996 nostri
1327 945 1564 1008 temporis
1606 961 1766 993 erum-

30 1038 200 1082 ,2nosa
221 1025 420 1074 miseria
449 1020 467 1090 ΙΙ
495 1041 596 1074 non
619 1023 814 1071 dicendi
843 1024 985 1085 petat
1008 1021 1245 1083 studium,
1278 1020 1363 1069 sed
1382 1014 1387 1088 Ι
1409 1019 1611 1067 uiuendi
1635 1019 1753 1067 fleat
1767 1030 1859 1072 596

78 1100 384 1166 ergastulum
421 1114 510 1147 nec
553 1099 715 1146 famae
755 1096 1096 1145 adsistendum
1134 1095 1379 1158 poeticae,
1420 1094 1505 1142 sed
1543 1094 1665 1141 fami
1703 1094 1770 1142 sit
1794 1111 1813 1143 6

79 1174 432 1225 consulendum
464 1172 760 1222 domesticae
787 1199 855 1204 —
882 1171 980 1220 cito
1012 1171 1186 1234 itaque
1214 1185 1344 1218 nunc
1377 1172 1464 1217 aut
1489 1169 1624 1231 quod
1648 1168 1768 1216 ami-

79 1249 199 1298 seris
236 1248 355 1297 fleas
395 1250 486 1296 aut
533 1247 666 1309 quod
719 1246 834 1294 edas
880 1245 1103 1308 inquiras
1146 1259 1296 1307 quam
1343 1243 1477 1306 quod
1523 1243 1657 1291 dicas
1695 1242 1768 1289 in-

78 1323 249 1372 uenias
288 1324 538 1384 uacatque
575 1321 669 1370 hoc
713 1323 933 1382 tempore
972 1319 1259 1382 potentibus
1301 1317 1598 1380 opprimere,
1637 1316 1768 1379 prio-

78 1397 217 1446 ribus
254 1412 443 1459 rapere,
482 1395 692 1458 priuatis
724 1395 948 1457 perdere,
987 1393 1178 1442 miseris
1217 1393 1332 1440 flere
1366 1419 1435 1425 --
1470 1392 1587 1454 quia
1626 1391 1767 1453 soles,
1794 1407 1837 1439 10

81 1471 297 1532 domine,
343 1485 477 1518 meas
524 1469 872 1517 cachinnantes
912 1467 1078 1530 sepius
1125 1467 1295 1515 nenias
1341 1467 1507 1528 lepore
1554 1465 1769 1528 satyrico

77 1545 195 1594 litas
226 1544 462 1593 libentius
495 1543 748 1605 adfectari,
790 1543 907 1590 dum
944 1542 1134 1591 ludicro
1169 1540 1311 1589 Talia
1349 1540 1598 1588 uentilans
1639 1539 1739 1602 epi·
1756 1535 1769 1607 JJ

33 1630 64 1672 3
80 1621 354 1684 grammate
385 1618 633 1667 comedica
668 1614 673 1682 Ι
710 1617 857 1665 solita
897 1619 972 1664 est
1003 1615 1306 1664 uernulitate
1344 1615 1575 1676 mulcere,
1618 1613 1755 1662 addi·
1769 1626 1860 1668 597

77 1697 163 1742 tur
207 1693 328 1756 quia
373 1696 423 1741 et
459 1692 582 1740 mihi
626 1708 786 1753 nuper
826 1691 1094 1753 imperasse
1142 1689 1408 1739 dinosceris
1461 1691 1518 1736 ut
1565 1688 1769 1737 feriatas

79 1767 270 1816 affatim
307 1769 508 1815 tuarum
540 1766 737 1814 aurium
776 1765 913 1814 sedes
952 1765 1116 1827 lepido
1162 1763 1386 1827 quolibet
1424 1779 1621 1812 susurro
1660 1779 1768 1825 per·
1795 1780 1837 1812 15

77 1842 338 1890 mulceam:
377 1856 642 1904 parumper
674 1856 789 1904 ergo
822 1840 1052 1888 ausculta
1084 1839 1201 1887 dum
1231 1838 1326 1887 tibi
1355 1854 1591 1902 rugosam
1622 1837 1769 1886 sulcis

78 1915 290 1967 anilibus
323 1915 488 1964 ordior
518 1915 754 1977 fabulam,
789 1929 940 1976 quam
971 1930 1130 1976 nuper
1160 1913 1332 1961 Attica
1371 1915 1635 1974 saporante
1675 1913 1770 1960 sal-

79 2005 216 2061 suran
246 1991 489 2040 nocturna
530 1989 757 2052 praesule
792 1989 992 2037 lucerna
1032 1990 1336 2037 commentus
1369 2003 1493 2049 sum,
1531 1987 1605 2034 ita
1644 2002 1770 2035 som-

77 2064 202 2113 niali
229 2063 465 2128 figmento
498 2064 732 2125 delusam,
765 2079 861 2125 quo
901 2079 1000 2112 non
1031 2066 1231 2125 poetam
1262 2062 1510 2110 furentem
1541 2061 1768 2124 aspicias,

36 2149 64 2190 4
78 2138 165 2203 sed
198 2134 205 2204 Ι
240 2139 566 2188 onirocretam
594 2133 612 2202 ΙΙ
642 2137 830 2200 soporis
853 2152 1011 2201 nugas
1036 2137 1330 2186 ariolantem
1357 2136 1601 2184 aduertas.
1656 2135 1752 2183 Ne·
1767 2145 1859 2188 598

82 2229 179 2276 que
219 2212 349 2261 enim
385 2212 497 2260 illas
537 2211 835 2260 Eroidarum
882 2211 1135 2260 arbitreris
1183 2212 1410 2260 lucernas
1456 2209 1578 2258 meis
1626 2225 1765 2271 prae·
1793 2227 1833 2259 21

201 2374 226 2413 2
265 2367 482 2413 inefficax
513 2367 832 2428 βΒΜα,[Τ]
985 2373 1010 2411 3
1052 2367 1219 2413 effectu
1253 2368 1295 2411 T
1346 2366 1512 2410 effectu
1545 2383 1579 2410 ω
1675 2379 1770 2426 ces-

85 2458 159 2502 set
198 2458 226 2517 β
378 2460 403 2500 5
445 2442 655 2501 discendi
698 2457 828 2501 Barb
950 2461 976 2500 6
1008 2456 1148 2500 famis
1182 2457 1223 2500 Τ
1346 2460 1368 2499 7
1404 2454 1637 2499 amisseris
1676 2455 1718 2499 Τ

85 2535 113 2576 9
141 2532 379 2590 vagatque
410 2531 504 2576 ΒΤ
636 2530 904 2588 obpremere
936 2544 1037 2576 corr
1066 2529 1324 2586 obprimere
1349 2530 1393 2573 R
1528 2533 1582 2572 10
1614 2528 1767 2585 quia-⁸

81 2606 152 2663 (in
195 2620 282 2665 my.
324 2605 542 2662 ‘·'tamen)
582 2606 644 2649 Μ
788 2610 841 2648 11
888 2603 1157 2648 cacinantes
1189 2603 1251 2662 Rl
1301 2602 1602 2648 cacinnantes
1642 2605 1775 2663 ΒΣΗ

83 2666 270 2724 (poster.
303 2678 329 2710 c
359 2665 411 2709 in
441 2667 550 2722 ras.)
582 2663 914 2710 cancinnantes
948 2665 990 2708 T
1102 2662 1266 2707 nenias
1297 2677 1512 2721 suprascr
1542 2677 1692 2722 nugas
1724 2664 1775 2708 E

141 2752 323 2820 lepores
354 2755 461 2810 atyr
491 2752 660 2799 colitas
683 2754 747 2812 R,
777 2768 844 2798 em
867 2753 932 2811 R,
1045 2753 1202 2809 satyro
1225 2722 1401 2806 {olitas
1427 2753 1474 2796 P
1501 2752 1644 2796 satiro
1677 2755 1768 2810 (sa-

214 2814 296 2870 M)
343 2811 508 2858 colitas
543 2813 652 2857 ΤΜ
797 2817 853 2856 12
896 2810 1124 2856 adfectari
1157 2811 1341 2870 TM,D
1396 2811 1634 2857 adfectare
1673 2829 1708 2856 ω

141 2869 237 2917 alia
264 2872 307 2918 G·
428 2877 482 2916 13
514 2871 783 2917 uernilitate
815 2871 1068 2917 Salmasius
1190 2875 1243 2915 16
1276 2870 1491 2916 absculta
1523 2872 1579 2931 P1
1596 2871 1773 2930 RH1T

88 2930 300 2975 aveculta
330 2931 389 2990 P,
403 2931 472 2989 H,
596 2935 652 2974 20
685 2930 1018 2975 ornirocretam
1050 2931 1077 2989 β

1444 3005 1503 3047 1*
