1976 3120
1928 0 1976 50 1,ῑῖ

171 98 275 151 126
712 101 1032 147 SERMONES
1062 101 1314 156 ANTIQUI

90 174 142 208 M·
160 225 292 273 sicut
328 226 562 274 Rabirius
601 227 654 274 in
694 227 848 274 satira
887 227 980 274 ait:
1029 223 1361 275 ‘Abstemium
1398 230 1675 278 merulenta
1713 230 1846 295 fugit
1864 181 1918 216 St.

160 299 401 347 Mettenia
438 297 648 348 nomen'.

272 374 355 422 59.
431 372 582 436 [Quid
629 375 695 422 sit
740 370 996 440 uadatus]
1074 375 1301 423 Uadatus
1350 377 1532 424 dicitur
1578 379 1844 427 obstrictus

158 448 242 495 uel
282 448 373 495 sub
404 448 717 496 fideiussione
751 449 1025 511 ambulans,
1065 450 1195 497 sicut
1223 450 1503 499 Fenestella
1535 451 1627 499 ait:
1667 448 1842 501 ‘Penes

118 537 139 571 5
165 538 312 584 quem
350 522 581 584 uadatus,
623 523 869 570 amicitiae
908 523 1086 571 nodolo
1126 520 1458 572 tenebantur'.

272 598 354 644 60.
430 594 581 658 [Quid
622 598 720 645 sint
758 595 1051 659 manubies.]
1132 598 1389 646 Manubies
1430 599 1663 647 dicuntur
1701 615 1842 648 orna-

76 663 82 667 ’
157 673 326 718 menta
363 687 551 734 regum,
590 671 721 718 unde
762 673 812 718 et
848 671 1112 719 Petronius
1142 671 1344 720 Arbiter
1383 673 1476 720 ait:
1516 669 1633 720 <Tot
1668 690 1843 737 regum
1923 709 1926 712 -

157 744 415 792 manubies
453 760 601 806 penes
641 745 914 808 fugitiuum
953 742 1211 807 repertae’.

271 819 353 866 61.
429 817 581 880 [Quid
620 819 685 866 sit
724 818 1041 881 aumacium.]
1122 819 1418 867 Aumatium
1456 820 1639 868 dicitur
1675 821 1842 869 locum

91 908 135 940 10
158 894 401 940 secretum
445 893 701 954 puplicum
748 893 877 941 sicut
921 893 974 940 in
1019 893 1226 942 theatris
1274 896 1364 941 aut
1407 894 1460 941 in
1507 894 1654 959 circo,
1708 896 1840 942 unde

159 967 208 1012 et
260 966 524 1014 Petronius
575 967 777 1014 Arbiter
830 967 923 1015 ait:
978 962 1056 1014 ‘In
1111 967 1390 1015 aumatium
1442 971 1623 1016 memet
1674 969 1839 1031 ipsum

158 1037 374 1088 conieci'.
412 1036 417 1104 Ι

68 1124 159 1165 184
273 1116 355 1162 62.
423 1113 574 1176 [Quid
606 1115 671 1163 sit
709 1113 1026 1177 delenificus.]
1092 1115 1389 1162 Delenificus
1428 1116 1610 1163 dicitur
1646 1116 1838 1163 blandi-

157 1189 317 1250 locus,
370 1189 500 1235 unde
556 1191 605 1236 et
658 1188 919 1236 Lucretius
973 1189 1186 1237 comicus
1241 1189 1292 1236 in
1344 1189 1691 1237 Nummolaria
1744 1190 1838 1238 ait:

91 1278 134 1311 15
159 1257 356 1310 ‘Nescio
393 1279 629 1324 quorsum
668 1263 789 1310 mihi
828 1263 1062 1310 eueniant
1099 1264 1190 1310 tua
1224 1263 1379 1310 uerba
1408 1265 1513 1310 tam
1549 1259 1837 1312 delenifica'.

276 1424 299 1462 7
332 1419 514 1462 Petron.
548 1418 643 1462 ed.³
665 1418 919 1462 Buecheler
949 1418 1001 1462 fr.
1027 1418 1114 1460 XII
1248 1422 1299 1460 11
1334 1417 1446 1462 ibid.
1479 1417 1533 1463 fr.
1558 1419 1667 1462 XIII

276 1573 298 1611 1
333 1567 499 1610 sairius
531 1565 707 1623 (sanius
733 1565 791 1622 Q)
817 1567 844 1623 β
936 1564 1068 1608 sitira
1092 1564 1188 1608 PR
1237 1564 1395 1619 satyra
1420 1565 1458 1621 ἐξ)
1507 1566 1600 1610 sira
1623 1567 1666 1613 {R
1752 1569 1834 1612 ab·

157 1629 356 1672 stemum
379 1627 420 1684 Q
468 1626 713 1669 abstenum
737 1625 780 1670 Ξ)
831 1623 1086 1668 abstemius
1111 1624 1150 1680 ᾧ
1253 1624 1481 1668 meruleta
1506 1642 1540 1668 ω
1588 1628 1718 1670 —enta
1748 1629 1835 1672 edd

213 1686 305 1730 fuit
327 1686 366 1744 ,ᾗ
465 1690 491 1728 2
522 1683 727 1728 metenia
751 1682 845 1728 Pis
884 1685 969 1740 (vel
998 1681 1225 1737 mecenia)
1255 1683 1486 1726 mectenia
1510 1684 1552 1730 {st
1596 1686 1833 1730 methoma

156 1745 197 1803 Q
250 1758 279 1790 *
310 1745 360 1788 in
399 1743 584 1788 extenia
615 1745 656 1800 (c
687 1743 802 1798 eras)
827 1743 873 1785 Β
923 1742 972 1784 in
1003 1741 1040 1784 85
1078 1743 1125 1784 te
1164 1739 1245 1783 nia
1269 1741 1320 1783 E
1461 1747 1486 1786 5
1520 1758 1662 1798 quam
1685 1744 1832 1802 QffiB

155 1804 359 1848 uadatur
382 1804 424 1849 {R
500 1802 644 1846 amito
670 1801 711 1858 Q
750 1800 913 1844 amitte
939 1800 982 1846 ‘s
1023 1799 1170 1843 amice
1195 1799 1299 1842 BE
1368 1800 1540 1845 nodulo
1566 1804 1604 1860 ᾧ
1642 1803 1831 1848 modulo

155 1866 271 1919 (mu-
295 1865 358 1920 B>
383 1863 487 1907 BE
527 1876 555 1907 *
580 1860 687 1905 dolo
711 1860 753 1905 {R
797 1860 1012 1915 moloque
1036 1859 1077 1913 Q
1180 1858 1405 1902 tenebant
1422 1861 1539 1920 {3[Q]
1582 1862 1833 1906 tenebatur

155 1922 244 1980 Σβῷ
350 1926 376 1965 6
409 1921 472 1965 sit
486 1921 528 1967 {R
620 1918 870 1963 manubiae
894 1924 961 1963 ter
984 1919 1068 1962 edd
1189 1921 1212 1959 7
1238 1930 1431 1973 regnum
1449 1921 1490 1966 {R
1602 1924 1629 1963 8
1660 1920 1834 1979 fugitifi

154 1984 200 2027 B
321 1985 347 2024 9
380 1979 636 2025 aumatium
652 1979 703 2022 E
742 1977 1028 2021 aumaticum
1050 1977 1089 2033 ᾧ
1136 1976 1428 2020 aumantium
1452 1979 1492 2036 Q
1522 1981 1537 2036 ΙΙ
1570 1980 1834 2024 aumacium

156 2040 251 2087 Σῆἦ)
291 2039 579 2084 aumantium
598 2039 638 2095 Q
677 2036 963 2081 aumaticum
980 2036 1018 2093 ἐξ)
1057 2034 1387 2079 naumachium
1407 2039 1612 2084 Wessner
1626 2053 1664 2083 υ,
1685 2045 1835 2084 tamen

154 2101 292 2145 Arch.
317 2101 351 2152 f.
377 2101 454 2143 lat.
469 2099 581 2142 Lem.
607 2097 671 2140 XI
689 2101 743 2140 69
830 2100 884 2139 10
907 2094 1147 2151 publicum
1165 2093 1207 2138 {R
1237 2093 1366 2138 locus
1391 2099 1593 2141 secretus
1615 2098 1832 2155 publicus

155 2158 386 2216 (puplicus
411 2158 476 2214 Ε)
500 2158 578 2215 ᾧβ
677 2154 842 2199 teatris
866 2153 1057 2210 Psyssszs
1179 2157 1231 2195 11
1267 2156 1530 2200 aumacium
1553 2157 1595 2202 {R
1639 2171 1832 2201 nauma-

152 2219 272 2261 tium
288 2219 333 2262 R
371 2216 672 2260 aunnaticum
688 2215 726 2272 ξ)
767 2213 1057 2257 aumantium
1080 2212 1121 2268 Q
1211 2211 1365 2268 ipsum
1396 2230 1467 2260 om
1491 2215 1533 2260 ᾖ)
1641 2221 1695 2260 12
1725 2231 1830 2273 pro—

154 2276 332 2321 conieci
354 2277 459 2321 ΒΕ
604 2280 658 2318 13
698 2272 819 2326 Quid
857 2272 919 2316 sit
958 2270 1234 2315 deleneficus
1267 2280 1372 2328 post
1408 2274 1673 2319 numularia
1706 2280 1762 2319 14
1791 2276 1830 2333 ᾧ

213 2335 489 2380 deleneficus
514 2334 602 2391 {Rs
655 2336 670 2391 ΙΙ
723 2331 1000 2400 deleneficus
1025 2332 1063 2388 ξ)
1110 2328 1356 2378 eleneficus
1381 2334 1423 2379 {R
1534 2333 1829 2378 blandilocus

152 2425 250 2469 PR
283 2439 418 2480 -quus
445 2441 478 2467 ω
571 2427 626 2466 14
649 2393 862 2466 Ιιιοτέῗῃιε
886 2423 931 2465 R
975 2422 1202 2467 lucrecius
1227 2424 1265 2480 ξ)
1338 2421 1602 2466 numularia
1633 2425 1830 2480 (numm-'

154 2511 252 2558 foB
263 2513 327 2569 E)
361 2513 435 2570 βῷ
577 2512 624 2554 et
669 2511 861 2554 ueniant
891 2511 932 2567 Q
986 2483 1226 2555 etueniant
1256 2512 1298 2557 {R
1350 2511 1546 2555 ueniant
1574 2511 1728 2568 &BE

155 2575 209 2615 15
240 2573 325 2614 tua
354 2573 454 2615 tam
485 2570 727 2614 delenifica
757 2570 902 2614 uerba
926 2570 967 2627 Q
1071 2570 1322 2614 delenefica
1345 2571 1385 2627 ᾧ

274 2673 479 2731 Explicit
511 2672 738 2730 expositio
771 2686 1031 2717 sermonum
1062 2673 1319 2717 anticorum
1343 2672 1385 2719 {R
1482 2687 1552 2717 om
1738 2671 1828 2715 Ex-

157 2732 296 2791 plicit
324 2732 444 2776 liber
473 2731 710 2790 Fulgentii
740 2731 836 2776 Deo
869 2732 1047 2790 gratias
1078 2746 1214 2776 amen
1235 2731 1276 2788 Q
1336 2730 1541 2788 Explicit
1591 2730 1768 2775 eliciter
1783 2730 1826 2776 ὦ

215 2807 285 2837 om
308 2793 354 2836 B
472 2790 678 2848 Explicit
709 2790 828 2834 liber
858 2791 1095 2848 Fulgentii
1119 2792 1169 2835 E
1253 2806 1293 2835 v.
1313 2805 1361 2847 p.
1388 2795 1442 2834 82
1467 2790 1562 2834 PR
