1976 3120
203 100 274 152 92
862 102 1218 147 UIRGILIANA

126 172 178 205 Μ’
207 198 432 291 fisiologo
475 244 621 290 quem
659 244 815 290 nuper
855 226 1095 275 edidimus
1142 228 1201 275 de
1231 227 1605 277 medicinalibus
1645 229 1804 278 causis
1845 179 1967 277 etSt·

206 302 265 349 de
305 301 585 365 septenario
620 304 668 349 et
700 302 758 348 de
789 300 1058 348 nouenario
1091 317 1293 349 numero
1327 317 1520 350 omnem
1551 302 1894 351 arithmeticae

206 376 328 424 artis
376 376 668 439 digessimus
718 375 985 436 rationem,
1037 375 1228 437 eritque
1273 375 1624 439 perissologiae
1670 380 1790 425 nota
1835 377 1895 440 si,

207 466 334 512 quae
388 451 441 497 in
493 465 592 497 uno
647 449 773 496 libro
829 449 1195 511 descripsimus,
1251 450 1403 497 etiam
1450 451 1562 498 aliis
1606 451 1895 500 inseramus.

162 537 183 568 5
207 525 354 588 Ergo·
382 524 468 586 qui
505 525 604 571 ista
643 523 827 570 discere
860 523 1009 584 cupit,
1047 526 1271 571 nostrum
1306 523 1632 587 fisiologic'um
1668 526 1896 589 perlegat

132 661 137 664 ῃ
206 598 402 646 librum.
464 598 608 645 Nunc
645 612 763 644 uero
804 613 834 644 a
872 599 921 644 te
963 613 1088 658 quae
1126 600 1318 645 restant
1357 601 1544 659 expeto.
1621 598 1748 646 Tum
1785 599 1894 646 ille:
1959 645 1963 649 ,

208 668 298 719 ‘Ut
337 672 495 719 dicere
537 686 807 733 coeperam,
846 687 960 719 mox
990 673 1048 718 ut
1078 673 1263 719 terram
1294 673 1472 735 tangit,
1510 674 1719 720 matrem
1757 672 1896 720 uidet

207 762 297 794 nec
337 746 575 810 agnoscit,
615 745 815 807 plenam
855 745 1168 808 designantes
1192 745 1482 798 ..infantiam
1523 745 1639 808 quia
1678 761 1708 793 a
1746 748 1896 808 partu

207 820 486 868 recentibus
523 822 735 867 matrem
773 819 942 866 uidere
975 819 1135 880 datur,
1173 835 1272 867 non
1302 822 1470 866 tamen
1510 819 1680 867 statim
1718 836 1895 884 cogno-

142 908 185 939 10
216 911 348 942 scere
378 894 610 941 meritum
649 893 989 940 contribuitur.
1053 893 1243 941 Dehinc
1281 893 1409 941 nube
1450 896 1710 956 conseptus
1741 893 1897 942 socios

211 968 475 1032 cognoscit,
523 960 739 1033 adlo]'qui
788 982 887 1014 non
933 965 1121 1029 potest·
1167 967 1283 1015 uide
1332 983 1481 1029 quam
1528 967 1728 1016 euidens
1781 984 1880 1016 cre·
1895 975 1976 1020 756

207 1042 505 1105 pundiorum
545 1057 672 1102 mos,
720 1041 838 1088 dum
884 1041 1023 1088 adest
1061 1041 1351 1103 inspiciendi
1395 1043 1615 1104 potestas
1660 1044 1712 1090 et
1758 1042 1895 1090 deest

207 1115 443 1199 loquendi
481 1116 707 1163 facultas.
782 1115 911 1162 Huic
950 1131 1144 1177 quoque
1174 1115 1366 1163 Acaten
1404 1116 1466 1163 ab
1504 1115 1647 1163 initio
1697 1116 1897 1164 coniun-

216 1191 376 1253 gimus
426 1192 474 1236 et
512 1191 627 1251 post
671 1189 987 1252 naufragium
1038 1189 1335 1253 armigerum
1385 1192 1436 1237 et
1471 1189 1524 1236 in
1569 1190 1697 1238 nube
1741 1192 1896 1255 aeque

145 1277 187 1309 15
212 1265 515 1324 conclusum,
577 1263 759 1311 Acates
814 1263 944 1310 enim
1001 1261 1151 1310 Grece
1207 1264 1349 1346 quasi
1410 1265 1660 1326 aconetos,
1718 1263 1772 1311 id
1824 1265 1901 1311 est

213 1338 450 1386 tristitiae
483 1337 797 1386 consuetudo.
859 1336 938 1384 Ab
969 1337 1183 1384 infantia
1215 1338 1346 1384 enim
1385 1338 1600 1385 erumnis
1639 1338 1901 1398 coniuncta
1973 1375 1976 1387 2

213 1415 288 1459 est
339 1413 557 1459 humana
610 1414 813 1472 natura,
868 1411 995 1459 sicut
1039 1411 1301 1473 Euripides
1354 1411 1406 1458 in
1452 1411 1710 1474 tragoedia
1753 1411 1898 1508 Fige-

211 1487 323 1533 niae
363 1486 457 1533 ait:

436 1587 527 1637 οὐκ
565 1586 694 1636 ἔστιν
734 1584 881 1636 οὐδὲν
921 1586 1085 1637 δεινὸν
1124 1580 1211 1636 ὧδ’
1239 1587 1393 1636 εἰπεῖν
1430 1586 1543 1647 ἔπος

147 1678 191 1709 20
438 1658 553 1710 οὐδὲ
589 1661 756 1720 πάθος
796 1657 911 1710 οὐδὲ
951 1660 1181 1726 συμφορὰ
1218 1660 1459 1724 θεήλατος

435 1728 495 1798 ἧς
535 1734 626 1783 οὐκ
663 1732 726 1783 ἂν
764 1728 914 1799 ἄραιτ’
957 1732 1113 1799 ἄχθος
1151 1732 1424 1800 ἀνθρώπου
1463 1734 1628 1799 φύσις,
1663 1732 1668 1800 Ι

336 1896 390 1934 19
422 1905 511 1948 sqq.
543 1890 651 1934 Eur.
686 1880 760 1935 Or'.
785 1883 909 1933 1-3

337 2044 361 2081 2
396 2052 450 2082 ac
483 2039 540 2082 de
570 2037 825 2083 nouenario
854 2037 896 2081 G
1015 2042 1042 2080 3
1072 2037 1383 2095 perisologiae
1399 2038 1445 2082 R
1455 2038 1511 2081 H
1523 2039 1567 2083 U
1590 2037 1899 2095 perisolociae

216 2099 263 2142 P
305 2099 423 2155 91083
462 2097 747 2156 supfluitatis
787 2097 885 2142 UE
1030 2101 1059 2139 4
1098 2096 1416 2153 discripsimus
1455 2097 1551 2141 PR
1701 2101 1728 2140 5
1767 2098 1901 2156 cupit

218 2156 458 2200 discereD
547 2156 816 2213 fisiologfiI
839 2155 1152 2213 phisiologicu
1168 2156 1271 2200 EL
1300 2155 1622 2212 phisiologfiG
1715 2160 1741 2200 6
1773 2171 1896 2213 quae

215 2217 396 2260 restant
429 2230 456 2259 a
486 2217 534 2259 te
567 2217 594 2274 β
701 2217 893 2272 expecto
927 2217 953 2274 β
1089 2219 1115 2258 8
1148 2214 1403 2273 designan
1407 2229 1427 2258 s
1453 2215 1536 2259 Ε
1590 2229 1619 2259 a
1648 2229 1717 2259 om
1747 2215 1834 2275 Dp

219 2279 274 2318 10
307 2288 362 2318 011
402 2274 627 2318 tribuitur
649 2274 735 2333 Dfi
782 2275 815 2330 (1
857 2288 943 2318 0011
974 2288 1188 2330 suprascr
1216 2274 1286 2331 E)
1407 2275 1672 2331 cumseptus
1695 2273 1743 2319 R
1789 2287 1897 2318 con—

219 2335 380 2391 ceptus
405 2334 452 2377 P
494 2333 829 2390 circumseptus
853 2333 939 2392 Ββ
1090 2338 1142 2376 11
1173 2334 1292 2390 yloss
1329 2334 1390 2377 ad
1427 2333 1668 2390 crepundx
1703 2347 1743 2393 ,p
1781 2332 1898 2390 ipsis

217 2421 374 2479 pueris
407 2422 556 2467 UEL
663 2426 717 2465 13
750 2421 916 2466 achate
940 2422 990 2466 D
1027 2435 1099 2466 om
1130 2422 1174 2466 U
1208 2420 1402 2465 achaten
1434 2423 1461 2480 β
1582 2425 1636 2464 15
1669 2391 1826 2466 actites
1857 2421 1905 2466 U

220 2481 410 2525 achates
435 2481 521 2540 Dss
625 2481 759 2525 Greci
782 2482 829 2526 R
935 2482 1150 2524 aconetes
1173 2480 1223 2523 D
1269 2482 1478 2523 amnetos
1511 2481 1555 2525 U
1595 2482 1664 2537 (in
1699 2494 1840 2538 maa-9.
1878 2481 1896 2523 1

219 2541 398 2595 contos)
422 2541 612 2584 acontos
626 2541 670 2583 L
702 2540 926 2584 achontos
943 2539 994 2583 E
1001 2539 1044 2584 G
1129 2544 1181 2581 17
1203 2539 1478 2595 tragoaedia
1495 2539 1591 2583 PR
1606 2539 1652 2583 U
1713 2538 1897 2597 figenae

219 2599 266 2642 R
310 2599 457 2664 fienee
480 2599 530 2642 D
572 2599 627 2642 efi
631 2599 849 2658 geniaefi
886 2613 924 2643 v.
944 2614 993 2655 p.
1018 2601 1125 2652 106,
1149 2601 1179 2641 6
1298 2601 1353 2640 19
1391 2611 1458 2641 ue
1488 2596 1596 2654 (huc
1618 2596 1781 2655 HDp)
1824 2599 1899 2641 est

218 2657 446 2700 inudendi
477 2657 751 2712 (innudendi
772 2658 822 2702 Η
869 2656 1083 2700 inutendi
1104 2657 1207 2715 DB)
1253 2655 1428 2700 nonodi
1457 2655 1679 2712 (nonodip
1694 2655 1761 2712 D)
1791 2655 1896 2712 pin-

221 2729 331 2772 epos
363 2732 398 2758 ω
558 2720 614 2758 20
656 2717 746 2760 ude
786 2716 932 2773 (utide
955 2716 1005 2760 D
1049 2714 1158 2758 uide
1189 2715 1259 2771 Ε)
1303 2716 1440 2772 patos
1483 2714 1574 2758 ude
1616 2713 1776 2758 simfor
1817 2715 1896 2758 ate
1972 2728 1976 2772 j

220 2774 328 2831 (ude
360 2800 416 2806 —-
449 2775 525 2818 ate
560 2788 631 2819 om
655 2775 729 2832 H)
762 2775 910 2819 elatos
942 2774 1031 2832 (for
1053 2801 1108 2807 —
1131 2775 1284 2817 tactos
1316 2778 1370 2816 21
1402 2787 1472 2817 om
1503 2774 1547 2830 β)
1571 2789 1606 2816 ω
1757 2777 1811 2816 21
1845 2785 1895 2817 es

220 2846 309 2877 uca
348 2834 479 2888 (ucca
502 2833 568 2891 D)
605 2847 692 2876 nar
727 2836 931 2878 retactos
972 2832 1263 2889 antropofisis
1300 2831 1642 2889 (antropodfisis
1665 2833 1701 2875 I
1740 2833 1898 2876 antro-
1966 2832 1976 2864 ‘¹

220 2891 409 2949 poofisis
434 2892 490 2935 H
502 2893 546 2937 U
588 2893 849 2949 atropofisis
873 2893 976 2952 Dp)
999 2909 1034 2935 ω
1956 2898 1976 2951 “2

1893 3072 1899 3074 1
1964 3004 1976 3075 1
