1976 3120
172 96 240 148 68
776 97 1248 143 MITOLOGIARUM
1585 117 1589 120 ⁴
1947 0 1976 148 l

101 173 152 204 M.
170 223 445 284 imperium,
508 223 722 285 Zephyri
754 239 870 286 ergo
894 223 1152 272 flabrantis
1184 240 1334 272 aurae
1366 226 1629 274 anhelante
1653 228 1858 276 uectura
1875 177 1931 212 St·
1957 149 1976 309 Ξ

172 297 235 344 ad
281 299 436 345 semet
481 297 693 345 sororios
739 297 966 359 perducit
1012 298 1235 359 affectus,
1283 315 1548 362 earumque
1597 300 1856 349 uenenosis

171 371 388 419 consiliis
435 370 494 419 de
541 371 712 419 mariti
763 371 924 419 forma
974 372 1255 432 quaerenda
1302 374 1610 422 consentiens
1655 374 1857 423 curiosi-

171 447 343 507 tatem,
376 460 492 493 suae
525 445 702 493 salutis
735 460 1011 507 nouercam,
1044 445 1256 508 arripuit
1287 449 1338 494 et
1366 447 1658 496 facillimam
1688 449 1857 497 credu-

129 536 149 569 5
174 519 383 580 litatem,
438 536 564 581 quae
611 535 802 582 semper
849 519 1192 582 deceptionum
1235 523 1397 568 mater
1442 524 1530 583 est,
1579 523 1857 585 postposito

93 645 99 649 ,
174 594 399 642 cautelae
454 594 689 655 suffragio
747 593 944 655 arripit:
999 594 1210 656 denique
1265 595 1465 644 credens
1511 596 1758 644 sororibus
1807 612 1859 645 se

172 668 354 716 marito
380 667 597 730 serpenti
621 667 935 715 coniunctam
958 669 1099 716 uelut
1128 668 1341 716 bestiam
1362 669 1685 718 interfectura
1707 686 1859 719 noua-

173 742 336 790 culam
375 742 463 789 sub
503 742 730 803 puluinal
763 742 1019 790 abscondit
1048 743 1398 805 lucernamque
1429 743 1594 792 modio
1626 744 1859 808 contegit.

174 815 394 878 Cumque
434 817 590 863 altum
630 832 856 877 soporem
893 816 1102 864 maritus
1143 817 1446 879 extenderet,
1484 818 1574 866 issa
1611 818 1743 866 ferro
1782 834 1860 866 ar-

106 908 150 939 io
173 893 311 938 mata
355 891 653 951 lucernaque
699 890 854 938 modii
900 891 1124 939 custodia
1170 894 1312 939 eruta
1359 891 1599 954 Cupidine
1647 892 1861 956 cognito,

174 965 293 1012 dum
337 964 612 1012 inmodesto
661 964 842 1012 amoris
889 967 1107 1012 torretur
1153 965 1355 1027 affectu,
1408 965 1725 1014 scintillantis
1765 966 1863 1014 olei

173 1038 553 1100 desputamento
614 1038 851 1086 maritum
911 1039 1181 1101 succendit,
1243 1032 1551 1106 fullgiensque
1613 1039 1805 1103 Cupido
1832 1033 1950 1108 1718

85 1124 178 1165 116
190 1113 350 1159 multa
389 1128 536 1174 super
567 1113 853 1160 curiositate
883 1114 1080 1174 puellae
1109 1113 1411 1175 increpitans
1443 1113 1587 1162 domo
1619 1116 1863 1163 extorrem

176 1203 232 1234 ac
262 1187 529 1250 profugam
560 1186 873 1248 derelinquit.
941 1187 1162 1235 Tandem
1190 1188 1361 1236 multis
1390 1188 1633 1236 iactatam
1654 1187 1863 1237 Ueneris

110 1278 151 1311 15
175 1261 599 1323 persecutionibus
645 1263 819 1323 postea
864 1261 981 1308 Ioue
1028 1262 1227 1323 petente
1276 1261 1332 1309 in
1383 1261 1611 1325 coniugio
1657 1262 1863 1325 accepit.

174 1336 408 1383 Poteram
456 1334 655 1396 quidem
699 1335 854 1383 totius
900 1335 1101 1383 fabulae
1149 1335 1373 1384 ordinem
1409 1336 1501 1384 hoc
1546 1335 1715 1384 libello
1752 1353 1862 1398 per-

177 1425 385 1471 currere,
426 1409 643 1471 qualiter
681 1412 731 1456 et
770 1409 834 1456 ad
870 1409 1118 1457 infernum
1160 1409 1465 1458 descenderit
1504 1412 1554 1458 et
1592 1427 1651 1458 ex
1690 1410 1863 1474 Stigiis

178 1484 319 1545 aquis
357 1484 590 1530 urnulam
629 1483 925 1531 delibauerit
963 1486 1014 1530 et
1053 1483 1181 1532 Solis
1213 1486 1436 1532 armenta
1466 1485 1650 1532 uellere
1681 1484 1862 1546 spolia-

178 1557 309 1604 uerit
348 1560 398 1604 et
436 1557 678 1604 seminum
716 1557 939 1620 germina
978 1558 1182 1606 confusa
1233 1558 1521 1606 discreuerit
1559 1560 1608 1606 et
1646 1557 1707 1605 de
1742 1558 1862 1606 Pro-

112 1649 155 1681 20
179 1631 404 1693 serpinae
442 1631 807 1692 pulchritudine
846 1631 1145 1693 particulam
1175 1631 1417 1679 moritura
1455 1631 1863 1693 praesumpserit3

179 1705 264 1753 sed
303 1706 420 1766 quia
458 1705 579 1751 haec
618 1705 923 1752 saturantius
974 1708 1025 1752 et
1062 1706 1303 1766 Apuleius
1341 1722 1464 1767 pene
1504 1705 1712 1753 duorum
1750 1721 1863 1754 con-

179 1779 394 1827 tinentia
438 1778 679 1826 librorum
725 1781 920 1826 tantam
969 1779 1249 1826 falsitatum
1288 1779 1565 1842 congeriem
1609 1779 1865 1828 enarrauit

181 1856 231 1901 et
275 1852 610 1901 Aristofontes
656 1852 912 1899 Atheneus
959 1853 1010 1899 in
1055 1853 1194 1900 libris
1241 1852 1328 1914 qui
1373 1853 1634 1901 disarestia
1678 1869 1863 1902 nuncu·

179 1929 367 1989 pantur
418 1927 544 1974 hanc
596 1926 818 1974 fabulam
869 1926 1050 1974 inormi
1101 1927 1367 1974 uerborum
1420 1927 1628 1975 circuitu
1678 1927 1863 1976 discere

115 2019 158 2052 25
184 2000 494 2063 cupientibus
532 2000 772 2062 prodidit,
825 2000 885 2048 ob
923 2000 1050 2047 hanc
1087 2017 1192 2047 rem
1238 2016 1600 2062 superuacuum
1637 2001 1864 2050 duximus

183 2076 244 2123 ab
292 2074 404 2122 aliis
451 2074 643 2136 digesta
688 2075 870 2122 nostris
916 2071 1056 2122 libris
1101 2074 1336 2136 inserere,
1392 2091 1453 2122 ne
1499 2078 1670 2123 nostra
1715 2090 1865 2138 opera

305 2310 328 2349 1
378 2303 555 2361 zephiri
586 2304 807 2349 PDGH
848 2304 882 2360 (i
920 2319 986 2348 em
1022 2305 1069 2360 y)
1232 2303 1475 2361 flagrantis
1521 2319 1577 2350 ex
1620 2303 1864 2349 flabrantis

187 2365 239 2410 H
327 2369 356 2407 4
388 2363 587 2421 arripuit
616 2379 688 2409 om
715 2365 757 2409 G
875 2362 1133 2407 facilimam
1156 2363 1253 2407 PR
1262 2363 1319 2406 H
1455 2368 1481 2406 6
1514 2363 1717 2421 suffr-ago
1734 2363 1825 2408 ΕΙ
1827 2363 1869 2408 Τ

245 2423 444 2480 arripuit
466 2424 529 2467 M
535 2424 576 2468 G
667 2428 692 2466 8
724 2421 939 2479 puluinal
961 2423 1101 2467 PRI
1132 2435 1236 2465 -nar
1259 2439 1293 2465 ω
1386 2427 1410 2466 9
1436 2423 1710 2467 excenderet
1733 2422 1874 2467 PRI

186 2482 430 2526 excederet
453 2482 510 2525 Η
519 2483 559 2525 Τ
689 2487 744 2525 10
774 2482 1103 2537 lucernamque
1128 2481 1234 2525 PH
1325 2481 1472 2525 modii
1495 2482 1602 2526 RE
1641 2479 1801 2525 modia
1829 2481 1872 2524 T

186 2541 343 2585 modio
375 2559 409 2585 ω
530 2541 714 2585 custodi
745 2542 876 2586 Barb
891 2542 1039 2586 detero·
1157 2544 1214 2582 14
1245 2539 1495 2596 dereliquit
1522 2541 1564 2584 Τ
1570 2541 1658 2599 Ββ
1701 2538 1865 2584 dereli-

188 2599 303 2656 quid
334 2601 397 2643 M
437 2602 536 2655 (sub
569 2615 599 2655 q
629 2602 825 2658 uestiyia
863 2601 1036 2644 litterae
1064 2614 1097 2642 n
1121 2601 1299 2655 patent)
1452 2603 1505 2642 15
1546 2599 1738 2656 potente
1769 2598 1867 2643 PR

188 2661 427 2716 petentem
444 2658 512 2716 ΗΞ
546 2660 786 2716 potentem
808 2660 850 2702 T
926 2657 1191 2715 coniugium
1215 2658 1242 2715 β
1348 2662 1404 2700 20
1434 2655 1797 2714 pulcritudinem
1812 2656 1876 2700 M

249 2723 303 2760 21
339 2719 386 2761 et
416 2732 487 2762 om
518 2718 546 2774 β
635 2718 752 2762 haec
769 2744 823 2750 -
841 2717 1104 2775 congeriem
1126 2721 1182 2759 22
1206 2717 1262 2770 cf.
1282 2717 1406 2774 Viry.
1425 2722 1538 2761 cont.
1550 2730 1599 2773 p.
1615 2719 1690 2771 91,
1703 2720 1762 2760 21
1775 2730 1867 2783 sqq.

250 2782 305 2820 22
338 2778 521 2820 tantam
544 2777 590 2820 R
604 2777 646 2821 G
690 2779 875 2820 tantum
905 2794 940 2820 ω
1024 2774 1311 2820 enarrauerit
1332 2775 1396 2819 M
1508 2779 1564 2817 23
1596 2773 1869 2819 dissarestia

190 2836 279 2895 Ββ
333 2835 446 2888 Διὸς
476 2833 724 2892 ἀριστείαὲ
756 2837 980 2894 Plasberg]
1011 2890 1014 2893 Α
1120 2840 1177 2878 24
1218 2833 1445 2878 famulam
1476 2834 1571 2878 PR
1691 2832 1869 2878 enormi

192 2895 392 2954 PMDfi
527 2899 582 2938 25
615 2894 816 2938 diximus
841 2895 991 2940 PRT
1018 2895 1113 2951 (sed
1142 2895 1222 2950 em)
1358 2898 1413 2937 26
1443 2892 1644 2937 inserere
1674 2891 1807 2936 libris
1839 2893 1868 2951 β
