1976 3120
671 107 874 154 MUNDI
905 107 983 152 ET
1014 105 1271 152 HOMINIS
1706 105 1808 158 147

1827 182 1866 214 Η

125 237 177 287 in
215 239 431 300 utraque
471 235 755 284 substantia
794 235 1041 298 integram
1078 231 1441 295 plenitudinem
1477 231 1667 279 uirtute
1706 247 1810 281 cor·
1826 243 1919 275 abest
1939 243 1972 276 F

125 312 260 376 poris
301 314 351 360 et
389 311 635 373 sapientia
675 309 842 371 animi,
882 311 954 370 ut,
994 324 1110 355 uere
1143 307 1222 355 dei
1260 306 1422 355 uirtus
1463 308 1513 354 et
1552 305 1812 368 sapientia,

127 385 349 436 Christus
397 385 464 433 sit
508 385 654 433 homo
701 383 1031 447 plenissimus,
1114 381 1173 429 In
1225 381 1319 429 hac
1373 396 1489 444 ergo
1544 382 1709 428 aetate
1765 383 1814 428 et

124 460 439 525 Aegyptiaca
471 459 709 508 cruciatio
741 461 792 506 et
821 457 1056 506 Moiseica
1087 455 1334 518 contritiO,
1367 455 1452 503 sed
1485 455 1637 502 etiam
1666 453 1812 518 legis-

125 535 249 584 latio
282 533 575 582 declaratur.
638 533 861 581 Primum
891 532 1064 593 itaque
1095 530 1406 579 Israhelitica
1437 528 1655 577 seruitus
1687 529 1811 578 duro
1837 545 1857 578 5

123 609 341 658 laterum
387 609 641 672 ergastulo
688 606 938 655 cruciatur
976 608 1026 654 et
1071 605 1263 669 negatis
1302 604 1556 652 iniunctae
1595 619 1812 651 mercen-

123 683 251 732 nalis
298 698 477 746 operae
523 682 680 745 paleis
729 681 792 729 ad
840 679 1219 743 quaeritandam
1257 679 1499 742 stipulam
1536 678 1813 741 castigante

123 757 408 820 praeposito
457 757 536 804 dei
580 756 798 820 populus
847 754 1110 818 spargitur.
1187 753 1504 802 Damnantur
1541 752 1593 800 in
1638 751 1812 799 mortis

125 832 424 881 sententiam
463 831 650 879 semina
688 829 982 890 masculina3
1023 829 1109 877 sed
1148 844 1257 876 ecce
1295 828 1348 875 in
1385 827 1593 890 papirea
1632 826 1813 875 cistula

123 923 217 969 per
251 906 551 969 crepidinem
590 905 722 953 aluei
760 905 895 952 salus
929 903 1167 951 enatabat
1197 902 1432 950 Hebraici
1463 901 1812 964 supplementi,
1838 918 1880 950 ιο

123 980 278 1030 donec
323 980 454 1045 regis
500 981 622 1028 nata
667 978 915 1042 uagientis
962 977 1166 1040 paruuli
1211 992 1463 1024 murmure
1506 976 1726 1024 trahitur
1765 977 1815 1023 et

122 1056 389 1103 uenustate
442 1053 829 1117 pulchritudinis
874 1052 1136 1100 Moiseicae
1187 1051 1447 1100 dulcorata
1499 1043 1812 1118 molriturum
1824 1061 1887 1103 20

124 1129 307 1192 excipit
338 1128 631 1191 adoptiuum
665 1128 937 1189 statimque
969 1127 1158 1189 scirpeo
1197 1127 1508 1188 protractum
1544 1125 1814 1187 paruulum

122 1204 287 1252 calato
340 1204 491 1251 matri
544 1202 794 1252 contradit
844 1201 1180 1249 nutriendum.
1266 1198 1306 1249 Ο
1355 1199 1636 1248 diuinitatis
1693 1199 1812 1247 ordo

124 1280 362 1338 secretus3
402 1277 652 1326 sciebatne
690 1276 866 1341 regina
904 1275 1038 1340 quod
1075 1275 1308 1323 interitus
1339 1274 1500 1337 patris
1531 1289 1589 1322 ac
1619 1273 1813 1336 patriae
1837 1289 1880 1323 15

122 1352 175 1400 in
220 1353 313 1400 hac
352 1352 533 1400 cistula
572 1351 883 1399 delitesceret
929 1352 1020 1399 aut
1057 1351 1219 1397 mater
1255 1351 1468 1398 nouerat
1508 1348 1642 1410 quod
1680 1348 1812 1396 salus

124 1426 373 1474 Hebraica
412 1426 544 1474 aluei
581 1425 805 1489 margine
843 1425 1052 1488 uagiens
1097 1421 1378 1472 heiularet‘?
1456 1421 1552 1470 Sed
1592 1437 1700 1470 ecce
1740 1422 1812 1469 in-

126 1501 386 1549 nocentiae
424 1500 689 1548 transactis
730 1499 1010 1561 crepundiis
1051 1501 1101 1546 et
1138 1498 1384 1561 pueritiae
1416 1497 1517 1544 iam
1547 1496 1814 1544 maturatis

124 1574 425 1638 crepusculis
456 1574 691 1622 iuuenilis
723 1576 998 1636 uaporatur
1028 1572 1281 1623 alacritas.
1333 1571 1563 1634 Denique
1595 1571 1814 1633 primum

123 1649 461 1697 Israheliticae
492 1647 739 1697 libertatis
763 1648 1004 1695 indicium
1026 1646 1291 1711 Aegiptico
1315 1647 1563 1696 monstrat
1590 1645 1812 1694 concitus
1837 1663 1879 1694 20

123 1723 409 1786 homicidio,
457 1739 605 1785 quem
651 1723 784 1771 calce
830 1737 1118 1784 percussum
1157 1736 1213 1770 ac
1257 1720 1430 1770 sabulo
1468 1720 1701 1769 obrutum
1738 1719 1811 1766 in-

123 1797 288 1846 ciuilis
325 1797 534 1846 iniuriae
572 1797 763 1846 ultione
801 1796 1046 1845 mactauit
1082 1796 1175 1844 hoc
1212 1795 1431 1863 primum
1469 1796 1671 1859 gustum
1700 1810 1813 1857 pro-

122 1872 301 1935 pinans
346 1871 554 1920 Hebreis
601 1871 661 1920 de
706 1871 916 1919 interitu
960 1870 1137 1933 populi
1182 1869 1538 1932 persequentis.
1623 1868 1813 1916 Exhinc

124 1946 313 1994 alienas
350 1946 527 1995 timore
568 1946 798 1994 exulatus
838 1945 1030 2007 adpetit
1067 1945 1307 2008 regiones,
1350 1943 1602 2006 pastorale
1640 1942 1812 1991 merci-

123 2020 347 2069 monium
384 2021 597 2069 sustinet
634 2019 986 2068 Madianiticus
1027 2018 1234 2082 aduena,
1274 2019 1416 2067 cuius
1453 2017 1675 2080 imperiis
1714 2032 1811 2065 ser·
1836 2034 1878 2067 25

243 2183 268 2221 2
294 2179 350 2232 cf.
376 2176 507 2222 Paul.
535 2176 595 2220 ad
621 2175 827 2221 Corinth.
853 2175 933 2232 11,
952 2179 1008 2219 24
1145 2179 1171 2218 5
1203 2189 1294 2233 sqq.
1328 2175 1385 2231 cf.
1418 2173 1565 2219 Exod.
1595 2180 1631 2218 1.
1659 2178 1701 2230 5,
1727 2178 1751 2218 7

126 2241 151 2280 9
175 2251 264 2294 sqq.
298 2239 355 2292 cf.
389 2236 533 2281 Exod.
559 2241 584 2279 2

246 2390 269 2428 1
304 2383 617 2440 substantiam
660 2386 866 2440 (expunx
903 2398 959 2428 m.
992 2384 1097 2439 rec.)
1123 2382 1169 2426 P
1209 2384 1456 2438 utramque
1497 2380 1813 2426 substantiam

125 2444 173 2489 R
315 2448 344 2487 4
374 2442 581 2488 mosaica
603 2444 650 2488 R
696 2442 936 2499 moysaica
959 2442 996 2487 S
1143 2447 1168 2486 5
1199 2440 1403 2485 isrtitica
1430 2441 1464 2485 S
1612 2446 1638 2484 6
1670 2440 1814 2498 Ing-ur

127 2503 186 2564 de
218 2503 312 2548 PR
355 2501 563 2563 iniuncto
596 2503 631 2548 S
756 2500 1067 2547 mercennatis
1099 2518 1133 2544 ω
1181 2499 1345 2544 -nariis
1378 2500 1456 2545 Ηο
1502 2499 1646 2544 -nalis
1679 2500 1754 2545 He

126 2567 153 2607 8
193 2562 443 2606 damnatur
473 2562 592 2621 P,R
643 2567 813 2607 rectene
855 2561 1028 2607 Graeco
1072 2560 1225 2606 more?
1262 2561 1320 2615 cf.
1347 2574 1396 2617 p.
1430 2563 1537 2615 148,
1557 2564 1583 2604 1
1624 2562 1729 2614 154,
1753 2562 1812 2603 13

127 2621 344 2678 ᾱᾱριιαῃῒ
376 2621 413 2666 S
456 2621 738 2666 damnantur
766 2636 823 2667 m.
854 2635 940 2666 rec.
972 2622 1025 2665 in
1048 2620 1094 2663 P
1219 2623 1245 2663 9
1276 2618 1409 2676 pii-ea
1432 2619 1479 2663 P
1505 2620 1588 2677 (cm
1617 2633 1674 2663 m.
1707 2620 1812 2675 rec.)

45 2688 53 2709 ‘¹
124 2680 413 2739 papiracea?
437 2682 511 2725 He
640 2685 694 2724 12
725 2682 1020 2725 uenustatem
1051 2680 1099 2724 P
1196 2677 1401 2723 mosaice
1425 2678 1472 2723 R
1517 2677 1753 2738 moysaice
1780 2678 1816 2722 S

187 2744 242 2784 13
273 2754 465 2797 scyrpeo
489 2740 536 2785 R
598 2798 607 2807 .
687 2744 743 2783 14
775 2739 929 2784 calato
969 2741 1010 2796 (c
1042 2753 1098 2806 ex
1127 2740 1175 2796 g)
1199 2738 1250 2805 R·
1289 2737 1452 2794 galato
1492 2738 1723 2806 (suprascr
1753 2753 1810 2782 m.

126 2812 211 2844 rec.
244 2801 289 2867 c)
310 2799 356 2843 P
369 2857 379 2867 ·
481 2803 535 2843 17
568 2798 766 2867 elul-aret
797 2799 833 2844 S
959 2803 1013 2842 19
1045 2796 1276 2865 iuuenahs
1300 2798 1346 2843 R
1468 2801 1524 2840 20
1554 2798 1753 2864 isrlitice
1779 2796 1815 2841 S

126 2859 481 2963 mssffiffissffl
556 2858 934 2975 ῗέῗΐῗὲρῗηαο
957 2857 1238 2974 ἒοὲἰζὲῗέὦ
1248 2856 1332 2960 Suu
1356 2915 1394 2960 s
1424 2861 1478 2900 ²²
1510 2856 1741 2900 ΝΜ
1765 2856 1811 2899 R

653 3008 656 3009 γ
1458 2990 1543 3033 10*
