1976 3120
254 106 296 150 x
922 106 1262 175 PRAEFATIO

252 231 507 280 undecimo
548 232 854 280 adscribatur
893 233 1101 296 saeculo,
1141 235 1316 281 octauo
1356 248 1546 282 nonoue
1586 234 1796 297 scriptus
1836 238 1932 297 est3

254 323 312 353 ex
355 322 452 353 uno
501 306 632 354 enim
676 306 813 366 fonte
861 306 981 368 quin
1025 307 1254 354 fluxerint
1295 322 1394 354 non
1432 304 1634 356 dubium
1672 311 1767 371 est,
1815 309 1932 372 quia

251 380 372 442 ipsis
433 380 654 428 minutiis
717 381 929 428 alterum
989 396 1099 428 cum
1160 381 1316 429 altero
1379 381 1652 430 consentire
1707 383 1932 447 singulae

250 454 463 518 paginae
510 455 699 502 docent.
711 447 753 521 1)
829 455 904 502 Ex
952 454 1126 516 quibus
1173 455 1315 502 illum
1361 455 1465 517 ipse
1503 455 1689 504 Romae
1731 457 1933 519 contuli,

249 528 394 576 huius
427 529 741 576 collationem
771 528 872 575 iam
904 531 1050 576 antea
1083 529 1142 576 ab
1181 529 1365 576 Ioanne
1398 528 1619 577 Schmidt
1657 531 1931 592 professore

249 602 611 665 Regimontano
675 603 948 650 confectam
1000 602 1291 651 Mommseni
1353 606 1401 650 et
1453 603 1725 652 Wissowae
1779 604 1931 653 debeo

249 676 559 739 benignitati.
636 676 924 739 Reginensis
971 678 1104 724 totus
1149 676 1209 724 ab
1250 677 1407 724 altera
1445 693 1595 724 manu
1633 693 1733 725 non
1769 678 1927 726 multo

248 750 517 813 recentiore
558 753 800 798 correctus
841 753 927 798 est.
1003 750 1063 797 In
1099 750 1328 797 Palatino
1371 751 1487 812 quia
1530 751 1769 799 nonnulla
1806 751 1930 801 folia

247 823 614 885 interciderunt,
655 824 831 872 desunt
863 840 987 885 quae
1019 825 1250 887 leguntur
1281 839 1310 871 a
1341 841 1388 886 p.
1424 826 1507 886 19,
1535 828 1560 872 1
1598 824 1662 872 ad
1691 842 1739 887 p.
1771 826 1859 887 41,
1884 826 1931 874 5.

201 898 237 942 Ι
362 898 651 960 Reginensis
672 899 775 945 208
801 897 1127 946 bibliothecae
1144 897 1416 946 Uaticanae
1441 913 1564 947 saec.
1582 899 1683 946 fere
1699 899 1758 959 X,
1785 915 1932 961 quem

247 971 353 1033 ipse
399 972 584 1019 Romae
632 971 840 1032 contuli,
886 987 915 1018 a
964 971 1101 1019 tertii
1145 972 1566 1035 mythologiarum
1606 972 1721 1019 libri
1759 973 1931 1022 fabula

250 1045 423 1108 quinta
461 1045 636 1107 incipit
646 1038 712 1112 2),
759 1048 864 1092 arte
911 1048 1078 1093 autem
1124 1061 1234 1093 cum
1278 1045 1378 1094 illis
1426 1046 1792 1110 coniungendus
1842 1049 1931 1109 est,

197 1123 200 1126 ’
249 1116 551 1181 quamquam
600 1119 891 1167 coniecturis
940 1136 1050 1166 eum
1096 1136 1195 1167 non
1240 1135 1438 1181 prorsus
1479 1135 1642 1168 carere
1682 1123 1827 1182 put03
1874 1123 1932 1168 ut

248 1188 463 1241 ‘Furius'
501 1210 548 1255 p.
583 1195 665 1256 73,
693 1196 721 1240 7
758 1193 969 1254 scripsit,
1009 1188 1246 1240 ‘Futrius’
1286 1196 1452 1240 autem
1492 1194 1623 1255 quod
1661 1193 1811 1242 ceteri
1850 1210 1929 1242 ex-

246 1267 418 1314 hibent
470 1268 625 1314 altero
679 1267 785 1314 1000
841 1283 946 1328 exp.
987 1283 1126 1314 serm.
1168 1269 1268 1313 ant.
1308 1283 1354 1328 p.
1391 1268 1564 1328 124,1
1617 1267 1931 1329 aliquantum

247 1341 531 1402 adiuuatur3
577 1357 734 1402 neque
776 1341 934 1403 magis
975 1340 1338 1402 comprobanda
1377 1356 1479 1388 esse
1518 1341 1664 1389 lectio
1706 1338 1925 1390 ‘iterum-

249 1411 361 1477 que'
401 1414 596 1462 uidetur
636 1430 785 1476 quam
822 1430 946 1462 unus
987 1414 1191 1476 praebet
1228 1431 1274 1475 p.
1310 1415 1394 1475 84,
1421 1415 1467 1461 8.

185 1489 227 1532 T
355 1488 582 1536 Proxime
607 1488 670 1535 ad
691 1488 780 1536 hos
806 1487 994 1535 accedit
1015 1487 1139 1535 liber
1156 1488 1439 1536 Treuericus
1450 1481 1493 1554 3)
1517 1488 1767 1536 seminarii
1789 1488 1928 1536 cleri-

246 1578 413 1610 corum
435 1561 507 1608 VI
533 1563 563 1609 3
599 1555 717 1628 (NA
739 1562 882 1608 XVII
908 1555 1037 1627 609)
1068 1577 1190 1609 saec.
1215 1562 1274 1622 X,
1306 1561 1442 1609 cuius
1475 1562 1790 1609 collationem
1821 1577 1852 1609 a
1877 1577 1929 1612 se

246 1636 519 1684 confectam
549 1635 731 1683 Paulus
770 1636 828 1683 de
859 1635 1154 1682 Winterfeld
1191 1635 1462 1682 liberaliter
1498 1635 1620 1682 mihi
1658 1635 1918 1697 concessit3

247 1710 333 1772 qui
370 1725 480 1757 cum
519 1709 802 1771 saepissime
843 1709 1037 1756 easdem
1074 1708 1306 1757 lectiones
1344 1708 1569 1756 exhibeat
1600 1711 1749 1770 atque
1779 1709 1928 1757 Pala-

244 1784 376 1831 tinus
425 1786 473 1831 et
517 1783 805 1846 Reginensis
845 1783 893 1830 R
938 1798 1037 1830 non
1083 1782 1307 1829 dubitaui
1355 1797 1504 1843 quam
1551 1783 1682 1830 solus
1731 1782 1928 1831 exhibet

245 1852 506 1905 ‘effectum'
562 1874 607 1918 p.
651 1858 698 1918 3,
730 1858 760 1904 3
812 1856 1048 1918 recipere,
1110 1856 1226 1917 quia
1288 1855 1398 1903 aliis
1459 1856 1579 1904 locis
1633 1855 1925 1919 Fulgentius

247 1926 429 1979 ‘carere
468 1926 677 1992 aliquid'
715 1930 895 1992 posuit.

354 2004 571 2067 Longius
618 2004 678 2051 ab
725 2004 800 2051 his
848 2004 1047 2063 absunt,
1102 2018 1402 2064 quamquam
1454 2002 1548 2050 fide
1595 2019 1694 2051 non
1742 2006 1926 2065 carent,

172 2078 230 2123 H
248 2078 434 2127 codices
466 2077 762 2126 Harleianus
791 2078 930 2125 2685
964 2092 1086 2125 saec.
1110 2076 1181 2123 IX
1207 2077 1288 2124 uel
1310 2077 1355 2124 X
1387 2079 1435 2124 et
1464 2076 1924 2138 Montepessulanus

167 2152 231 2196 M
249 2154 354 2200 334
394 2168 517 2200 saec.
547 2152 615 2212 X,
662 2168 719 2199 ex
758 2151 932 2213 quibus
970 2143 1102 2215 hic4)
1142 2150 1344 2198 mutilus
1389 2152 1483 2210 est,
1530 2165 1640 2197 cum
1687 2165 1716 2197 a
1762 2150 1927 2198 media

243 2227 358 2274 libri
387 2226 464 2273 ΠΙ
493 2225 663 2273 fabula
693 2241 824 2274 nona
861 2225 1053 2286 reliqua
1090 2223 1439 2271 interciderint.
1501 2223 1718 2285 Uterque
1759 2226 1926 2282 autem

244 2300 455 2347 maxime
510 2315 566 2347 ea
614 2315 666 2347 re
714 2299 845 2360 quod
891 2298 1044 2346 alium
1090 2297 1329 2345 scribendi
1375 2313 1561 2344 morem
1607 2297 1830 2359 sequitur
1875 2299 1926 2346 et

243 2374 493 2422 nonnullis
540 2373 659 2421 locis
706 2373 889 2420 formas
937 2371 1171 2420 sermonis
1217 2370 1435 2433 uulgaris
1490 2370 1642 2433 fugit,
1696 2371 1756 2418 ab
1806 2370 1923 2431 illis,

246 2463 366 2508 quos
399 2463 547 2508 supra
579 2446 803 2508 diximus,
835 2445 1054 2506 discedit,
1084 2448 1140 2492 ut
1171 2440 1447 2507 ‘fraglauit'
1474 2461 1522 2505 p.
1549 2445 1632 2505 64,
1659 2446 1688 2492 6
1715 2443 1923 2505 PRIT,

369 2662 408 2715 1)
440 2659 701 2716 Iungmann
731 2659 761 2703 l.
794 2660 824 2704 1.
857 2675 902 2716 p.
935 2664 1004 2703 67.

365 2721 409 2774 2)
440 2718 701 2774 Iungmann
730 2718 761 2761 1.
793 2718 824 2761 l.
856 2733 900 2774 p.
937 2723 1004 2762 64.

366 2779 410 2833 3)
435 2776 491 2821 cf.
519 2776 776 2820 Sauerland
799 2776 855 2821 N.
874 2776 1010 2820 Arch.
1030 2776 1072 2821 d.
1091 2775 1193 2820 Ges.
1211 2775 1242 2820 f.
1262 2774 1340 2819 alt.
1361 2774 1580 2819 deutsche
1598 2773 1923 2819 Geschichtsk.

243 2835 373 2879 XVII
403 2850 447 2892 p.
482 2839 579 2879 609.

363 2895 407 2950 4)
440 2893 496 2938 cf.
528 2894 789 2951 Iungmann
819 2909 862 2950 p.
898 2899 965 2938 63.
