1976 3120
104 182 156 215 11,
1880 184 1941 220 sc.
1974 175 1976 178 '

180 104 252 157 30
794 105 1266 152 MITOLOGIARUM
1949 0 1976 133 1

800 246 991 304 Quare
1029 248 1246 297 Ermes.
1967 221 1976 306 1

290 349 462 399 Ermes
497 367 692 413 quoque
719 349 871 399 Grece
900 350 1083 399 dicitur
1114 351 1175 398 ab
1209 367 1280 414 eo,
1315 351 1449 413 quod
1480 355 1555 401 est
1585 369 1867 404 ermonense
1960 399 1962 402 .

180 425 313 486 quod
357 440 445 473 nos
492 425 670 473 Latine
725 424 961 473 disserere
1014 425 1243 488 dicimus,
1297 425 1386 473 illa
1437 426 1670 477 uidelicet
1715 437 1867 478 causa
1960 484 1962 489 ,

180 499 312 560 quod
349 499 654 563 negotiatori
692 499 980 563 linguarum
1019 499 1085 547 sit
1123 499 1326 548 disertio
1365 502 1654 552 necessaria.
1716 502 1865 552 Utra-

101 585 161 626 55
179 588 276 635 que
315 573 469 621 etiam
499 589 652 637 regna
689 589 942 636 permeare
976 574 1169 636 dicitur,
1209 589 1424 636 superna
1460 567 1626 642 athue
1655 576 1866 640 inferna,

106 666 153 698 6
179 647 311 710 quod
356 649 502 696 modo
549 647 715 696 uentis
761 648 814 694 in
861 648 1021 696 altum
1066 647 1312 711 nauigans
1364 651 1553 712 currat,
1602 651 1747 728 modo
1794 650 1867 699 di·
1922 646 1934 678 ’-

177 737 365 770 mersus
404 722 598 770 inferna
635 722 1017 784 tempestatibus
1057 725 1277 784 appetat,
1309 718 1326 787 ΙΙ

497 869 688 927 Quare
728 870 844 931 fur,
886 884 1067 932 quare
1108 871 1266 918 celer
1304 870 1543 919 dicitur.
1864 863 1976 929 651

287 973 435 1021 Hunc
481 973 634 1022 etiam
680 974 827 1022 deum
880 973 1005 1021 furti
1052 990 1109 1022 ac
1161 975 1442 1036 praesulem
1487 975 1686 1038 uolunt,
1733 975 1866 1038 quod

110 1065 153 1097 10
176 1047 300 1095 nihil
346 1048 545 1096 intersit
588 1048 720 1096 inter
764 1047 1068 1112 negotiantis
1114 1048 1343 1110 rapinam
1392 1052 1543 1111 atque
1589 1049 1865 1111 periurium

176 1121 493 1184 furantisque
531 1122 885 1171 deierationem
930 1137 987 1170 ac
1026 1124 1243 1184 raptum.
1321 1121 1529 1170 Stellam
1573 1139 1694 1172 uero
1735 1139 1865 1186 quae

175 1196 348 1245 stilbos
391 1195 543 1244 Grece
582 1199 924 1258 nuncupatur,
966 1211 1118 1258 quam
1158 1196 1202 1243 ei
1240 1196 1426 1260 pagani
1465 1196 1766 1260 adscribunt,
1804 1210 1866 1246 ex

175 1286 274 1332 quo
308 1269 458 1318 etiam
491 1270 590 1318 diei
619 1286 798 1319 nomen
828 1270 1140 1331 inuenerunt,
1178 1271 1379 1317 tantum
1413 1270 1617 1319 celerior
1646 1271 1864 1334 planetis

175 1344 401 1392 omnibus
439 1345 607 1406 currit,
639 1347 699 1392 ut
729 1344 942 1406 septima
966 1344 1044 1392 die
1077 1359 1192 1393 suos
1222 1347 1444 1406 permeet
1475 1345 1696 1408 circulos,
1728 1345 1862 1408 quod

108 1419 423 1468 15'Saturnus
462 1418 648 1482 uiginti
679 1420 789 1468 octo
821 1418 963 1466 annis
1004 1419 1054 1466 et
1084 1417 1314 1480 Iuppiter
1344 1418 1601 1468 duodecim
1631 1422 1862 1482 possunt3

172 1493 304 1540 unde
351 1493 503 1540 etiam
540 1493 768 1541 Lucanus
809 1493 902 1540 ait:
947 1495 1187 1554 motuque
1234 1492 1362 1540 celer
1402 1491 1651 1555 Cyllenius
1699 1493 1861 1542 hebet.

653 1638 842 1696 Quare
881 1640 1104 1703 Argum
1144 1640 1379 1688 occidit.

281 1743 511 1805 Denique
573 1743 725 1791 etiam
782 1743 975 1806 Argum
1038 1743 1284 1791 luminum
1344 1744 1683 1806 populositate
1745 1759 1858 1793 con-

172 1820 370 1880 septum
423 1810 743 1884 instteremisse
805 1817 1008 1878 dicitur,
1071 1817 1190 1864 dum
1253 1818 1509 1866 oculorum
1567 1817 1843 1866 inmensam
1856 1827 1976 1870 6522

96 1903 156 1944 56
171 1892 321 1939 unius
353 1891 572 1953 corporis
597 1893 814 1954 segetem
844 1890 1028 1952 ubique
1051 1891 1170 1938 uiua
1203 1890 1636 1954 circumspectione
1666 1884 1860 1959 flolren·

106 1984 147 2015 31
171 1962 273 2013 tem
313 1965 578 2028 singularis
610 1964 830 2012 uulneris
860 1980 1065 2012 recussu
1095 1965 1319 2014 falcifero
1357 1966 1643 2014 messuisset
1681 1981 1859 2014 curua·

169 2040 340 2087 mine:
379 2038 508 2119 Quid
547 2038 640 2087 sibi
672 2055 788 2102 ergo
827 2041 933 2086 tam
963 2038 1249 2088 fabulosum
1281 2037 1483 2087 Greciae
1523 2034 1858 2088 commentum

290 2186 315 2224 2
347 2197 385 2226 v.
418 2180 566 2236 myth.
597 2179 704 2224 Vat.
737 2179 758 2222 Ι
801 2184 882 2223 119
1063 2184 1115 2222 11
1148 2181 1205 2234 cf.
1240 2178 1382 2223 schol.
1423 2179 1485 2223 ad
1527 2179 1677 2224 Germ.
1717 2155 1851 2225 Atat}

168 2256 214 2298 p.
241 2245 340 2296 186,
373 2245 399 2284 8
418 2255 515 2296 sqq.
640 2244 665 2283 6
696 2239 868 2283 Lucan.
901 2238 1061 2282 Phars.
1093 2238 1115 2281 1
1146 2243 1230 2283 662
1265 2238 1461 2295 (haeret)

1962 1989 1976 2024 ⁴1

1958 2043 1976 2318 i

290 2378 312 2416 1
346 2372 537 2417 Hermes
565 2373 608 2418 G
698 2371 850 2425 Quare
880 2370 1002 2415 Erm.
1035 2385 1105 2416 om
1136 2371 1186 2416 Ε
1303 2376 1328 2414 2
1360 2371 1552 2415 Hermes
1576 2371 1681 2416 ΕΤ
1736 2370 1850 2415 dici·
1963 2400 1976 2421 ,.

167 2433 246 2475 tur
276 2445 412 2490 grece
445 2433 472 2491 β
613 2436 641 2475 4
674 2430 891 2475 dissertio
924 2431 952 2490 β
1086 2434 1111 2473 ὅ
1146 2429 1289 2474 etiam
1312 2430 1359 2474 R
1390 2429 1515 2474 enim
1546 2447 1581 2474 ω
1713 2433 1740 2473 6
1771 2429 1852 2474 de-

168 2504 343 2534 mersus
383 2491 559 2536 DGM
731 2495 755 2534 7
794 2488 1154 2546 tempestatibus
1199 2488 1382 2533 inferna
1423 2489 1466 2533 G
1614 2493 1641 2533 8
1682 2487 1759 2532 fur
1805 2490 1857 2534 et

169 2549 291 2593 celer
321 2551 432 2594 HE
473 2550 548 2593 fur
585 2549 662 2594 uel
699 2548 822 2593 celer
855 2549 898 2593 G
1031 2547 1215 2592 dicatur
1252 2548 1298 2592 R
1341 2562 1407 2592 om
1441 2549 1470 2607 β
1619 2551 1644 2590 9
1685 2546 1852 2592 ducere

166 2607 1192 2734 sfffflffiffz<-ss22⁸;3.1‚3¹5¹1520{{r
1212 2606 1414 2708 11111
1431 2605 1852 2732 mactat}
1948 2420 1976 2819 ί

174 2728 213 2769 Τ
247 2727 340 2782 (sed
370 2740 584 2783 suprascr
606 2726 640 2783 i)
741 2731 795 2769 14
828 2725 1025 2783 septimo
1051 2725 1108 2769 H
1200 2729 1254 2768 15
1286 2723 1458 2781 iupiter
1482 2723 1588 2768 HG
1668 2722 1854 2781 possint

167 2785 282 2830 RH
287 2786 329 2829 Τ
448 2790 503 2829 16
536 2800 591 2841 cy
593 2785 743 2829 lenius
768 2785 817 2829 D
850 2785 939 2841 chy
939 2783 1111 2828 llenius
1135 2785 1194 2828 M
1222 2782 1436 2827 cillenius
1461 2781 1575 2827 HE
1643 2781 1852 2827 hebetR

166 2844 321 2888 haebet
356 2844 474 2902 ΤΜ2
510 2843 673 2889 haeret
703 2859 758 2889 ex
787 2843 934 2888 habet
956 2844 1013 2888 H
1047 2843 1193 2886 habet
1215 2842 1345 2900 DM
1381 2841 1515 2886 heret
1544 2842 1572 2901 β
1692 2845 1748 2885 17
1779 2840 1852 2884 di-

168 2903 290 2948 citur
313 2877 538 2948 oceidi²sse
558 2904 600 2949 G
693 2908 747 2947 19
772 2903 919 2946 fertur
935 2903 985 2947 E
1075 2906 1129 2946 21
1155 2915 1342 2946 recursu
1359 2918 1394 2944 ω
1425 2908 1612 2944 recussu
1629 2900 1854 2951 Muncker
1947 2829 1976 3060 Ι

1940 3070 1976 3120 Ι
