1976 3120
221 105 328 158 130
837 105 916 149 DE
949 105 1285 150 AETATIBUS

151 180 201 214 H.
218 230 487 292 productae
525 246 684 293 usque
722 231 775 278 in
814 231 1158 293 crepusculum
1194 233 1374 279 noctes.
1435 231 1567 294 Ergo
1606 231 1785 295 decuit,
1821 232 1892 280 mi

220 304 428 367 domine,
469 305 607 354 cuius
646 307 847 367 propter
883 305 975 352 hoc
1013 306 1237 352 nostrum
1275 305 1426 353 ordiri
1458 305 1682 353 libellum
1720 306 1894 354 uideor

218 379 300 426 uel
341 395 438 441 quo
476 379 742 441 inpellente
782 393 903 440 opus
943 378 1260 426 durissimum
1297 378 1460 426 subire
1507 394 1790 442 cognoscor,
1836 379 1891 427 in
1967 392 1969 394 ·

217 452 309 501 hoc
349 453 605 500 excellenti
643 452 951 514 superboque
981 452 1194 514 negotio,
1232 451 1320 500 ubi
1347 452 1534 515 ingenii
1563 453 1726 514 potius
1758 468 1890 501 exer-

172 542 193 575 5
218 526 316 574 ceri
376 526 545 574 debuit
605 525 863 587 celsitudo,
923 526 1273 573 elementorum
1331 528 1391 573 ut
1448 526 1708 588 peruides,
1729 525 1891 575 ordini

215 616 315 649 non
368 600 571 661 seruire,
627 615 725 661 quo
771 599 965 646 mirifici
1012 599 1169 661 operis
1216 599 1471 661 dispositio
1517 600 1747 648 decorum
1790 615 1891 648 non

215 674 426 737 fugisset
457 674 729 735 eloquium3
762 673 878 719 dum
902 673 1031 720 enim
1061 689 1196 721 mens
1226 673 1406 721 litteris
1430 673 1676 737 fugiendis
1706 673 1890 736 studet,

214 748 377 795 minus
429 748 662 795 idoneum
715 762 837 808 opus
893 746 1091 809 efficiet3
1145 748 1295 794 sudor
1340 747 1524 809 quippe
1579 749 1653 795 est
1704 747 1890 795 estuosi

216 821 439 883 spiritus,
509 821 595 868 ubi
656 820 898 882 quidquid
957 821 1188 870 decorum
1246 821 1490 869 inueneris
1550 837 1730 883 ponere
1789 837 1889 869 non

148 911 192 944 10
214 895 403 956 licebit,
455 894 572 942 dum
617 894 720 942 illic
768 894 965 942 litterae
1013 910 1138 957 quae
1183 894 1447 957 fugiuntur
1483 894 1782 958 inpegerint3
1827 895 1889 942 de

217 971 305 1017 tuo
345 968 475 1016 enim
514 968 677 1016 conice
708 968 886 1016 mentis
917 968 1129 1031 ingenio,
1167 970 1413 1030 utrumne,
1453 969 1571 1016 dum
1602 968 1734 1016 inter
1759 967 1889 1016 iJlud

217 1043 351 1104 quod
400 1043 563 1104 queris
610 1042 662 1089 id
708 1043 841 1104 quod
886 1058 984 1090 non
1014 1042 1106 1090 uis
1152 1042 1420 1104 inueneris,
1477 1042 1655 1124 quibus
1699 1041 1887 1105 ingemi

217 1116 403 1163 estibus
456 1116 723 1164 suffoceris.
804 1117 938 1178 Ergo
993 1117 1142 1164 semel
1193 1116 1378 1164 indicto
1431 1115 1648 1164 seruiens
1701 1131 1760 1163 ex
1810 1115 1885 1163 in-

170 1200 198 1241 3
214 1190 458 1272 positione
502 1190 701 1252 negotio
748 1190 924 1237 melius
972 1190 1096 1238 duco
1148 1189 1310 1237 minus
1364 1192 1555 1252 compte
1600 1189 1760 1237 dicere
1793 1184 1802 1254 Ι
1835 1190 1888 1238 et
1948 1245 1951 1248 .

146 1280 188 1312 15
213 1280 271 1311 ex
316 1263 389 1310 rei
430 1265 778 1326 praesumptae
817 1264 986 1311 ordine
1027 1264 1164 1312 nullo
1209 1263 1354 1311 modo
1393 1262 1616 1311 dissilire.
1692 1261 1886 1320 Quaeso

212 1353 327 1400 ergo
374 1339 446 1399 te,
497 1337 712 1398 domine,
757 1339 817 1385 ut
853 1353 952 1385 non
989 1337 1239 1386 rusticiter
1274 1353 1353 1385 me
1391 1337 1597 1385 sensisse
1635 1336 1885 1399 dijudices,

213 1411 329 1458 dum
367 1411 573 1459 sublime
611 1427 710 1460 non
756 1411 1008 1473 profertur
1045 1411 1319 1473 eloquium3
1369 1413 1442 1458 est
1487 1410 1619 1458 enim
1654 1410 1707 1458 in
1742 1409 1885 1460 nobis

213 1485 464 1546 copiosum
488 1485 716 1533 dictionis
741 1501 1033 1547 enormeque
1063 1485 1319 1547 fluentum,
1352 1484 1485 1546 quod
1514 1486 1739 1532 nostrum
1761 1498 1884 1547 opus
1974 1554 1976 1558 Α

211 1558 412 1606 mirifice
458 1559 697 1622 pingeret,
751 1559 793 1607 si
847 1558 994 1607 huius
1040 1558 1323 1621 propositae
1367 1558 1441 1605 rei
1484 1557 1739 1620 impeditio
1783 1572 1886 1606 non

147 1649 190 1680 20
214 1631 417 1680 obesset.
502 1633 685 1680 Dixisti
730 1633 859 1680 enim
910 1633 1088 1695 legisse
1141 1635 1190 1680 te
1241 1631 1480 1680 librorum
1530 1631 1885 1680 bisduodenum

212 1706 448 1753 uolumen
485 1706 775 1755 Xenofontis
821 1709 997 1768 poetae
1045 1706 1098 1754 in
1135 1705 1344 1769 singulis
1379 1705 1519 1753 libris
1555 1704 1764 1767 singulis
1799 1703 1883 1752 lit-

213 1779 331 1826 teris
379 1779 654 1842 diminutis,
702 1780 836 1842 quod
883 1780 1080 1842 quidem
1124 1795 1249 1841 opus
1294 1778 1556 1827 mirificum
1594 1777 1758 1826 cuncti
1796 1777 1886 1840 qui

212 1852 527 1901 interfuimus
557 1853 687 1902 iuste
718 1854 1063 1916 praetulimus3
1102 1853 1187 1901 sed
1216 1852 1319 1900 illic
1350 1852 1475 1900 forte
1507 1868 1596 1900 nec
1626 1851 1888 1900 nominum*

214 1926 332 1974 ordo
385 1927 614 1975 interfuit
666 1943 777 1975 cum
829 1927 931 1976 suis
983 1927 1162 1975 litteris
1216 1925 1578 1987 subducendus,
1631 1927 1682 1973 et
1731 1939 1886 1988 penesv

145 2016 188 2050 25
215 1998 392 2047 Grecos
431 2000 548 2048 licet
583 2001 637 2048 in
674 2002 853 2049 litteris
891 2003 1099 2063 uertere,
1136 2000 1223 2048 ubi
1263 1999 1472 2062 quilibet
1507 1997 1880 2048 necessitudinis

210 2073 565 2136 constringitur
608 2075 813 2138 forcipe,
858 2077 919 2123 ut
964 2092 990 2122 e
1033 2075 1087 2122 in
1129 2074 1149 2122 i
1194 2075 1245 2121 et
1289 2089 1317 2122 o
1361 2073 1415 2120 in
1451 2089 1507 2134 u,
1554 2072 1688 2135 quod
1729 2086 1883 2134 penes

209 2146 404 2195 Libicos
455 2147 711 2196 inuenitur
760 2149 1020 2197 inlicitum.
1111 2147 1242 2205 Quid
1294 2162 1408 2210 ergo
1470 2161 1559 2209 ego
1619 2146 1672 2193 in
1730 2145 1879 2208 primi

211 2220 421 2268 hominis
453 2221 648 2269 nomine
688 2222 892 2284 eiusque
923 2222 1146 2286 coniugis
1176 2221 1259 2269 uel
1290 2221 1501 2268 duorum
1530 2219 1742 2268 filiorum
1770 2235 1878 2281 per-

209 2309 380 2355 pessus
412 2309 522 2342 sum
554 2311 717 2356 quoue
749 2297 925 2344 sudore
956 2312 1115 2358 usque
1145 2295 1198 2343 in
1226 2294 1546 2343 internicione
1570 2291 1879 2355 constrictus,

330 2541 352 2580 1
385 2537 606 2593 perducte
630 2538 724 2582 PV
832 2544 858 2582 2
889 2541 1078 2596 propter
1107 2552 1196 2594 que
1221 2537 1258 2582 S
1364 2541 1392 2580 3
1422 2550 1538 2581 onus
1561 2536 1639 2580 Ηο
1747 2538 1777 2578 4
1804 2533 1876 2578 in-

207 2594 345 2652 genio
373 2597 414 2639 Τ
522 2601 545 2639 7
579 2597 790 2652 fugasset
812 2598 1033 2655 Plasberg]
1122 2596 1245 2641 enim
1270 2621 1323 2629 —
1347 2594 1599 2639 uinolentis
1623 2609 1672 2651 Ρ.
1696 2595 1800 2649 171,
1813 2595 1875 2638 21

208 2667 279 2699 om
307 2655 347 2697 T
471 2659 497 2699 8
530 2655 674 2698 efficit
696 2655 732 2699 S
855 2662 880 2700 9
913 2656 1052 2713 quicq
1021 2655 1134 2712 quid
1158 2654 1195 2700 S
1310 2659 1364 2698 12
1394 2667 1488 2696 non
1518 2652 1610 2710 1115]
1640 2651 1763 2696 uix.

209 2714 315 2772 (lac)
339 2712 376 2758 S
503 2718 557 2756 13
597 2713 780 2757 extibus
804 2715 891 2760 SV
999 2713 1149 2758 indito
1173 2714 1230 2771 Ρ
1245 2713 1290 2758 V
1419 2716 1473 2755 19
1511 2710 1810 2767 interpeditio
1826 2686 1880 2754 P
1966 2751 1969 2754 ,

267 2775 322 2815 21
362 2772 652 2816 xenofoontis
684 2773 771 2818 PS
883 2773 1190 2830 xenophontis
1215 2746 1267 2816 V
1403 2774 1458 2814 22
1496 2768 1753 2813 imminutis
1784 2769 1821 2815 8

207 2835 282 2934 12ξὶ
283 2830 570 2936 ἷέἓίίὲιὲὲωὲε
594 2832 639 2875 V
753 2836 808 2875 27
839 2832 1019 2889 libycos
1044 2832 1089 2877 V
1193 2834 1248 2874 29
1279 2829 1444 2874 sudore
1473 2842 1578 2873 reus
1609 2830 1754 2884 usque
1777 2828 1823 2873 V
