1976 3120
230 83 337 135 144
460 125 465 128 «
849 88 927 132 DE
959 86 1294 132 AETATIBUS

161 160 199 191 Η

70 220 162 251 abest
177 220 209 251 D
225 210 483 272 promissio
509 214 815 275 expectatur3
847 214 951 262 illic
983 229 1096 262 caro
1129 212 1327 276 gentilis
1356 213 1675 275 praeputium
1704 213 1898 277 accipit,

220 283 299 332 hic
346 287 482 333 aetas
530 302 640 334 cum
692 287 888 348 proficit
941 286 1359 335 circumcisionem
1410 287 1571 335 malae
1622 287 1897 336 uoluntatis

219 357 432 419 inuenit3
485 359 590 408 illic
642 360 775 408 filius
830 377 918 423 pro
974 375 1139 409 amore
1193 375 1330 408 sacro
1384 361 1634 422 spernitur
1686 361 1774 424 qui
1825 364 1899 410 est

221 432 418 480 seminis
463 436 673 495 paterna
713 435 958 497 suauitas,
1005 435 1085 482 hic
1122 434 1347 482 luxuriae
1387 449 1524 482 amor
1560 434 1731 483 finitur
1768 451 1896 498 quae

177 521 197 555 5
221 507 296 553 est
334 507 510 556 erroris
553 511 698 571 grata
736 508 1037 572 malignitas.

1029 655 1089 702 V.

64 767 206 798 abestE
330 758 475 806 Nunc
536 758 718 807 nostris
772 758 824 805 in
877 758 1102 806 manibus
1156 758 1326 806 mundi
1382 758 1499 807 ordo
1555 757 1756 820 quintus
1811 758 1894 807 ob-

219 831 454 894 uoluitur,
502 832 582 880 cui
630 832 846 879 humana
884 832 992 880 uita
1031 832 1204 880 similis
1242 835 1520 894 coaptatur.
1595 832 1703 880 Hoc
1739 831 1896 896 igitur

220 920 367 953 cursu
396 906 642 954 iustorum
670 906 924 955 hominum
954 906 1186 954 instituta
1209 906 1602 968 monstrabimus,
1633 905 1723 954 ubi
1744 905 1893 968 primi

154 996 197 1028 10
221 979 318 1027 duo
372 980 515 1027 unita
567 982 740 1042 partus
801 980 970 1028 fusura
1028 980 1244 1042 probati,
1306 981 1466 1028 minor
1517 979 1716 1028 maioris
1777 979 1894 1028 sub-

218 1053 473 1114 plantator
519 1069 661 1101 crura
707 1053 956 1116 subducit,
1011 1056 1069 1102 ut
1114 1056 1202 1101 aut
1246 1054 1432 1115 primus
1482 1054 1533 1100 in
1578 1054 1703 1102 lucis
1751 1053 1895 1102 iubar

217 1126 445 1188 prosiliat
483 1130 570 1175 aut
607 1127 777 1175 fiatris
815 1127 1038 1176 uiuificos
1077 1129 1252 1189 partus
1290 1127 1342 1174 in
1385 1143 1614 1175 auersum
1650 1126 1892 1176 tardando

219 1196 495 1248 concludat.
560 1200 689 1258 Quid
726 1199 892 1249 ultra?
953 1201 1199 1250 Monstrat
1237 1201 1456 1249 nondum
1492 1201 1636 1249 homo
1676 1200 1752 1249 sui
1789 1216 1892 1250 cor-

220 1273 293 1322 dis
324 1274 586 1337 inuidiam3
618 1291 736 1322 nam
766 1275 847 1323 cui
877 1275 1035 1323 adhuc
1066 1275 1172 1322 uita
1203 1291 1301 1323 non
1330 1275 1442 1336 fuit,
1471 1275 1644 1323 liuoris
1675 1275 1894 1323 toxicum

147 1358 203 1400 17
219 1364 319 1396 non
371 1351 517 1396 natus
576 1349 828 1397 adsumsit.
919 1341 1306 1416 Numlquidnam
1365 1348 1536 1396 diuina
1594 1348 1790 1396 iustitia
1840 1348 1892 1396 in

155 1439 194 1471 16
217 1422 390 1470 matris
435 1423 591 1470 uulua
636 1423 774 1485 prior
818 1423 1064 1472 formatur
1107 1423 1295 1470 inuidia
1335 1438 1483 1484 quam
1519 1420 1712 1486 figura?
1785 1421 1893 1470 Aut

218 1511 316 1557 quo
362 1496 492 1544 liuor
536 1497 589 1544 in
634 1497 741 1545 loco
787 1496 1126 1544 habitaculum
1165 1496 1364 1558 accipit,
1408 1496 1492 1543 ubi
1530 1496 1689 1544 adhuc
1726 1495 1892 1544 anima

214 1585 314 1617 non
374 1568 506 1618 fuit‘?
596 1571 832 1618 Nascitur
882 1586 1069 1632 paruus
1134 1570 1218 1632 qui
1277 1570 1414 1618 nasci
1466 1569 1628 1618 uoluit
1680 1569 1888 1632 primus3

216 1644 413 1704 optauit
449 1643 719 1705 primordia
758 1644 799 1691 si
835 1644 993 1705 possit
1026 1644 1162 1691 uinci
1199 1646 1393 1691 natura.
1465 1641 1504 1691 Ο
1545 1643 1890 1691 admirandum

150 1734 193 1765 20
217 1717 431 1765 auctoris
478 1732 535 1764 ac
581 1718 830 1765 sacratum
883 1717 1143 1764 iudicium:
1198 1716 1364 1765 oditur
1415 1717 1573 1765 maior
1626 1716 1712 1778 qui
1764 1717 1889 1764 nihil

215 1789 444 1852 incurrit,
492 1792 690 1838 amatur
734 1791 894 1838 minor
942 1791 1029 1852 qui
1075 1791 1233 1838 adhuc
1278 1790 1330 1837 in
1375 1790 1532 1837 uulua
1576 1789 1768 1852 positus
1815 1791 1887 1838 in-

214 1863 404 1911 uidiam
448 1864 674 1926 concipit.
748 1864 929 1911 Nullus
971 1864 1203 1925 nascitur,
1250 1879 1378 1911 unus
1418 1863 1657 1927 diligitur.
1732 1863 1887 1912 Nulla

214 1937 313 1985 fuit
364 1937 565 1985 minoris
612 1938 824 2000 iustitia,
879 1938 1018 1985 nulla
1063 1937 1262 1986 maioris
1310 1937 1532 1985 constitit
1578 1938 1744 1999 culpa,
1799 1952 1888 1985 cur

215 2010 494 2059 diuinitatis
533 2011 700 2073 dispar
738 2012 803 2059 sit
841 2011 1017 2075 gratia.
1093 2011 1174 2058 An
1213 2010 1330 2072 quia
1368 2010 1488 2059 dicit
1526 2011 1802 2072 apostolus:
1843 2009 1884 2059 Ο

149 2102 190 2134 25
213 2085 373 2147 homo,
403 2085 647 2147 numquid
676 2088 736 2133 tu
767 2084 904 2133 dabis
936 2085 1176 2132 iudicium
1199 2082 1430 2132 domino?
1482 2085 1645 2148 Igitur
1673 2100 1886 2146 paruum

213 2158 309 2206 fuit
356 2159 489 2220 quod
534 2159 694 2207 adhuc
739 2158 894 2206 uulua
937 2159 1156 2207 inclusus
1196 2158 1365 2206 odium
1401 2160 1656 2221 monstrat,
1694 2157 1791 2206 nisi
1827 2158 1885 2205 ut

332 2348 386 2387 10
417 2345 473 2399 cf.
510 2343 619 2388 Gen.
648 2347 717 2400 25,
736 2348 790 2387 25
926 2347 984 2386 24
1007 2344 1063 2398 cf.
1088 2342 1217 2387 Paul.
1252 2342 1313 2386 ad
1337 2341 1435 2386 Cor.
1460 2342 1481 2385 I
1505 2347 1545 2399 2,
1572 2347 1625 2386 16
1669 2342 1729 2385 ad
1752 2342 1880 2387 Rom.

214 2407 282 2457 11,
309 2406 365 2445 34
407 2401 511 2460 Sap.
539 2407 579 2459 9,
607 2407 660 2446 13
1929 2432 1931 2434 ·

333 2584 353 2621 1
387 2580 681 2635 exspectatur
704 2578 740 2623 S
834 2577 1006 2636 excipit
1029 2577 1065 2622 S
1178 2581 1207 2619 4
1236 2576 1420 2633 paterni
1444 2576 1481 2621 S
1596 2581 1621 2619 9
1653 2577 1879 2620 monstra-

210 2636 361 2680 uimus
387 2654 421 2680 ω
453 2651 519 2681 em
546 2639 618 2682 Ho
703 2641 757 2680 10
780 2637 1037 2694 probantur
1059 2635 1096 2680 S
1157 2634 1363 2691 prolati?
1386 2636 1608 2692 Plasbery
1691 2639 1743 2678 11
1770 2648 1880 2679 cura

210 2696 257 2740 R
348 2700 400 2738 12
434 2695 682 2739 aduersum
704 2695 741 2740 S
829 2701 882 2739 13
913 2697 1149 2739 monstra?
1175 2693 1212 2738 S
1282 2694 1433 2737 cordis
1465 2693 1539 2737 sui
1562 2693 1599 2738 S
1682 2698 1736 2737 15
1766 2707 1879 2737 non-

211 2754 321 2797 dum
344 2754 422 2798 Ηο
520 2753 780 2811 adsumpsit
802 2755 894 2799 RS
1011 2758 1064 2797 17
1096 2752 1217 2796 libor
1248 2754 1332 2809 (em
1353 2768 1408 2797 m.
1433 2754 1538 2809 rec.)
1568 2754 1611 2795 P
1708 2765 1799 2808 quo
1830 2751 1880 2795 in

209 2812 311 2857 loco
349 2812 470 2857 liuor
493 2813 530 2857 S
645 2817 784 2871 accep
809 2813 845 2857 S
999 2816 1053 2855 18
1083 2825 1254 2868 prauus
1279 2811 1357 2856 Ho
1405 2825 1576 2867 paruus
1600 2812 1642 2855 h.
1667 2825 1700 2855 e.
1732 2812 1881 2856 minor

208 2877 324 2917 natu
464 2876 520 2915 20
551 2871 735 2917 nichilS
877 2876 931 2914 22
963 2869 1335 2930 nullus<dum>.2
1358 2870 1431 2914 He
1574 2874 1629 2914 25
1659 2884 1824 2927 parum
1845 2868 1883 2914 S
