1976 3120
5 151 11 201 1
51 182 60 191 .

0 234 11 275 ἶ
103 240 333 297 meolam
378 232 531 307 uiltae
579 205 814 302 adpetens
862 239 1197 301 corruptelam
1244 241 1334 287 aut
1386 237 1589 286 libidine
1637 239 1861 288 mollitur

0 1794 158 1842 ,68

29 2444 41 2480 -«ν
33 2362 41 2378 ἡ
29 2190 47 2338 ν-ψῐ-Ξυν

100 191 153 226 11.

889 111 1069 157 LIBER
1098 111 1142 156 ΙΙ
1789 113 1856 166 37

1880 189 1933 224 St.

174 316 263 363 aut
300 314 575 362 homicidiis
608 315 901 362 cruentatur
932 315 1022 361 aut
1053 313 1230 376 rapina
1263 312 1580 361 succenditur
1613 315 1700 360 aut
1731 314 1857 363 liuo-

170 388 308 438 ribus
346 388 651 449 rancidatur3
703 388 787 436 sed
824 388 916 437 hoc
955 403 1104 450 penes
1152 387 1265 436 illos
1304 387 1540 450 Epicurei
1587 402 1644 434 ac
1684 389 1858 450 volup-

171 462 304 525 tarii,
343 478 492 525 penes
530 478 619 512 nos
658 478 778 512 uero
817 462 1103 510 huiusmodi
1141 462 1252 510 uita
1289 465 1492 523 natura,
1537 477 1635 510 non
1675 462 1859 510 crimen

172 540 268 597 est3
317 539 367 584 et
406 537 526 599 quia
570 537 755 586 bonum
793 553 936 586 nemo
984 536 1135 600 gerit,
1184 552 1272 585 nec
1319 537 1456 584 nasci
1503 535 1689 584 bonum
1727 536 1857 585 licet.
1884 552 1904 585 5

171 611 231 659 Id
269 611 440 674 itaque
479 611 844 660 considerantes
875 614 1054 673 poetae
1093 611 1246 658 trium
1285 611 1490 659 dearum
1525 613 1720 673 ponunt
1760 627 1860 659 cer-

170 685 374 747 tamina,
412 685 464 733 id
504 688 579 734 est
609 686 901 747 Mineruam,
941 685 1182 734 Iunonem
1223 687 1273 733 et
1302 685 1547 734 Uenerem
1579 685 1638 732 de
1670 685 1859 734 formae

172 760 417 823 qualitate
458 762 716 808 certantes
778 759 894 809 Ideo
926 776 1046 809 uero
1086 760 1259 808 Iouem
1297 760 1374 808 his
1413 777 1512 809 non
1551 775 1693 822 posse
1734 760 1861 807 iudi-

171 849 282 883 care
314 834 559 897 dixerunt,
593 834 696 882 siue
730 834 865 896 quod
894 834 1211 897 praefinitum
1242 834 1416 882 mundi
1447 834 1689 883 iudicium
1720 834 1858 899 igno-

169 908 362 972 rabant,
403 909 522 971 quia
570 909 623 956 in
668 908 952 957 libertatem
1000 908 1194 956 arbitrii
1242 909 1572 958 constitutum
1610 909 1861 958 hominem
1886 926 1929 958 10

162 982 437 1044 crederent,
471 1010 539 1016 —
573 983 705 1045 quod
742 983 930 1046 itaque,
970 983 1011 1031 si
1051 983 1192 1031 uelut
1232 983 1351 1031 deus
1394 979 1410 1048 ΙΙ
1451 983 1679 1046 Iuppiter
1718 984 1843 1031 iudi-
1858 995 1950 1037 666

170 1059 350 1119 casset,
406 1057 684 1106 damnando
736 1058 858 1106 duas
907 1073 1059 1105 unam
1112 1058 1458 1107 tantummodo
1505 1059 1651 1106 terris
1699 1059 1862 1107 uitam

171 1131 465 1192 dimitteret3
507 1131 591 1180 sed
629 1131 739 1181 ideo
773 1132 836 1179 ad
873 1132 1123 1180 hominem
1161 1132 1398 1180 iudicium
1430 1133 1740 1181 transferunt
1779 1134 1861 1181 cui

170 1205 382 1254 liberum
436 1205 682 1270 deligendi
737 1206 944 1254 debetur
991 1206 1265 1254 arbitrium.
1357 1206 1453 1255 Sed
1502 1207 1625 1255 bene
1672 1210 1858 1270 pastor,

173 1279 292 1342 quia
329 1297 428 1329 non
466 1282 525 1328 ut
571 1281 757 1344 sagitta
797 1282 958 1329 certus
998 1282 1048 1327 et
1100 1281 1262 1330 iaculo
1301 1280 1459 1330 bonus
1501 1283 1551 1329 et
1588 1282 1738 1330 uultu
1778 1282 1857 1330 de-
1884 1297 1927 1331 15

171 1369 315 1403 corus
355 1356 406 1402 et
451 1354 649 1418 ingenio
697 1355 1065 1419 sagacissimus,
1114 1355 1326 1417 denique
1372 1355 1576 1403 brutum
1623 1356 1860 1418 quiddam

174 1427 391 1490 desipuit
432 1430 482 1476 et
519 1430 576 1475 ut
614 1429 832 1477 ferarum
872 1444 927 1477 ac
959 1429 1204 1491 pecudum
1243 1445 1348 1479 mos
1389 1432 1463 1478 est
1503 1430 1566 1478 ad
1604 1431 1861 1479 libidinem

170 1501 370 1551 limaces
409 1503 548 1550 uisus
595 1502 794 1551 intorsit
833 1520 985 1565 quam
1033 1504 1275 1551 uirtutem
1325 1507 1412 1552 aut
1452 1504 1657 1553 diuitias
1696 1505 1860 1568 inqui-

171 1576 304 1624 siuit.
369 1577 466 1624 Sed
498 1577 619 1639 quid
650 1577 743 1625 sibi
774 1579 875 1625 tres
909 1578 1026 1626 deae
1067 1578 1125 1625 de
1156 1578 1316 1626 tribus
1349 1579 1573 1627 uitarum
1604 1579 1859 1629 ordinibus

169 1650 424 1699 uindicen‘t
463 1650 724 1699 edicamus.
768 1648 773 1716 Ι
1884 1671 1927 1703 20

808 1785 891 1834 De
930 1786 1213 1834 Minerua.

281 1872 501 1922 Primam
523 1874 684 1922 uitam
706 1874 1043 1937 theoreticam,
1071 1891 1222 1938 quam
1253 1892 1341 1925 nos
1367 1876 1419 1924 in
1445 1877 1857 1940 contemplandae

170 1947 444 2010 sapientiae
490 1948 675 1998 honore
722 1949 950 2010 dicimus;
1005 1950 1115 1999 ideo
1164 1950 1222 1998 de
1269 1951 1405 1999 Iouis
1453 1952 1640 2000 uertice
1687 1955 1858 2001 natam

69 2062 77 2072 .
171 2020 371 2084 dicunt,'
398 2022 518 2084 quia
555 2022 811 2087 ingenium
850 2024 901 2071 in
941 2023 1137 2073 cerebro
1168 2025 1387 2087 positum
1426 2026 1506 2088 sit,
1546 2026 1656 2076 ideo
1699 2043 1856 2075 arma-

171 2095 297 2158 tam,
339 2096 471 2158 quod
509 2097 704 2145 munita
744 2097 821 2145 sit.
902 2096 1185 2162 Gorgonam
1233 2099 1384 2146 etiam
1421 2100 1538 2148 huic
1576 2101 1767 2149 addunt
1805 2101 1858 2149 in
1882 2117 1924 2151 25

170 2172 369 2231 pectore
410 2171 555 2233 quasi
591 2171 794 2220 terroris
832 2172 1120 2236 imaginem,
1167 2175 1226 2221 ut
1264 2174 1346 2221 uir
1385 2175 1579 2236 sapiens
1618 2178 1859 2224 terrorem

173 2246 345 2292 contra
382 2244 690 2294 aduersarios
730 2247 891 2310 gestet
929 2246 981 2294 in
1019 2250 1232 2309 pectore.
1311 2247 1525 2296 Cristam
1564 2265 1675 2297 cum
1714 2250 1859 2313 galea

291 2373 345 2412 23
378 2384 466 2427 sqq.
498 2386 537 2416 v.
570 2371 716 2427 myth.
742 2371 848 2416 Vat.
883 2372 926 2415 Π
959 2377 1027 2417 39.
1063 2377 1148 2417 206
1194 2373 1259 2417 ΙΠ
1294 2379 1362 2430 10,
1389 2379 1414 2417 2
1449 2374 1592 2420 schol.
1625 2375 1686 2419 ad
1718 2375 1859 2420 Statii

173 2426 318 2472 Theb.
342 2428 386 2472 H
412 2434 495 2474 715
528 2430 617 2488 (ed.
642 2429 924 2489 Kohlmann)

292 2567 314 2606 1
361 2562 573 2608 libidinis
612 2564 653 2608 T
796 2569 821 2608 3
870 2564 1174 2610 rancidantur
1204 2566 1266 2626 R,
1381 2567 1559 2625 epicuri
1590 2569 1797 2629 RMDfi

171 2622 321 2667 autE
417 2627 445 2666 4
475 2637 618 2680 penes
649 2637 758 2668 uero
790 2638 874 2669 nos
907 2626 935 2683 β
1041 2630 1067 2669 8
1100 2624 1194 2684 his]
1225 2626 1265 2670 is
1286 2627 1348 2672 M
1430 2641 1523 2672 non
1554 2641 1690 2685 posse
1721 2628 1795 2673 his
1829 2631 1856 2689 β

166 2707 171 2710 -
232 2685 257 2724 9
290 2681 389 2726 siue
414 2682 526 2738 quia
550 2684 696 2728 deterr
788 2688 843 2727 10
874 2683 1093 2728 libertate
1111 2684 1261 2745 MDfi
1323 2685 1524 2731 ominem
1544 2689 1586 2732 T
1675 2693 1728 2732 17
1762 2688 1855 2732 dis-

171 2737 318 2808 sipuit
348 2741 390 2785 T
537 2746 590 2785 21
630 2742 795 2787 fabula
840 2742 1081 2788 Mineruae
1116 2744 1158 2788 G
1307 2750 1363 2790 22
1406 2746 1713 2814 theoreticam
1745 2749 1861 2792 ME

169 2796 486 2903 *ὴῖιὲῗὲἒέῃὲ
510 2804 767 2905 wc?
780 2876 851 2906 om
871 2807 933 2906 ²}
960 2803 1232 2906 h⁰¹¹3203m
1271 2809 1343 2908 2314
1376 2805 1544 2909 ⁶¹⁰u¹2¹3
1562 2807 1856 2911 fflssfffi

173 2914 356 2972 sapiens
387 2931 458 2963 om
481 2919 539 2963 H
653 2925 708 2965 27
740 2922 897 2978 gestat
927 2922 977 2966 Ε
1063 2921 1199 2980 galea
1233 2923 1275 2967 T
