1976 3120
187 111 257 163 96
848 111 1205 156 UIRGILIANA

114 187 315 284 M'feros
362 236 609 284 discensus
658 236 947 298 inquiritur,
993 236 1044 283 id
1083 240 1178 284 est:
1229 237 1344 284 dum
1390 238 1498 300 quis
1544 240 1712 288 futura
1751 256 1863 290 con·
1885 192 1939 226 ffl-

186 310 383 372 siderat,
421 313 539 358 tunc
576 311 847 372 sapientiae
888 311 1093 358 obscura
1133 313 1416 373 secretaque
1454 312 1676 362 misteria
1718 331 1865 376 pene-

183 386 299 431 trat.
364 384 583 446 Sepeliat
628 387 742 431 ante
790 387 839 431 et
878 384 1120 432 Misenum
1157 400 1351 432 necesse
1400 388 1496 447 est,
1544 387 1686 436 misio
1735 388 1866 437 enim

187 456 339 506 Grece
387 473 523 506 orreo
570 458 768 519 dicitur,
817 473 932 505 enos
974 474 1090 505 uero
1138 459 1245 506 laus
1298 461 1516 507 uocatur.
1592 461 1723 525 Ergo
1769 461 1867 510 nisi

139 549 162 582 5
185 547 344 579 uanae
382 532 542 580 laudis
582 547 816 594 pompam
861 532 1094 593 obrueris,
1133 548 1402 594 numquam
1441 536 1626 582 secreta
1672 535 1863 598 sapien·

129 660 135 664 ,
185 606 286 653 tiae
339 605 640 668 penetrabis;
695 621 854 653 uanae
902 606 1032 654 enim
1084 606 1244 654 laudis
1292 607 1542 668 appetitus
1595 625 1866 671 numquam

185 680 450 727 ueritatem
486 679 707 741 inquirit,
749 680 833 727 sed
871 680 997 727 falsa
1029 680 1081 727 in
1120 696 1169 728 se
1210 680 1470 728 adulanter
1500 681 1694 744 ingesta
1725 683 1864 731 uelut

185 754 386 815 propria
418 756 630 814 reputat.
691 752 915 816 Denique
949 754 1101 801 etiam
1131 770 1241 802 cum
1273 754 1474 802 Tritone
1505 755 1681 804 bucino
1715 759 1864 818 atque

187 843 337 875 conca
376 831 605 875 certatur.
681 827 832 875 Uides
873 828 1002 875 enim
1042 843 1190 889 quam
1226 828 1322 876 fixa
1361 829 1660 891 proprietas,
1706 846 1865 878 uanae

119 920 164 952 io
189 902 318 949 enim
355 902 515 949 laudis
554 904 719 948 tumor
757 903 963 950 uentosa
1012 917 1131 950 uoce
1169 902 1426 965 turgescit,
1475 919 1621 964 quem
1666 903 1867 966 quidem

187 976 361 1024 Triton
398 975 639 1023 interimit
679 976 820 1036 quasi
856 976 1201 1023 tetrimmenon
1240 976 1371 1037 quod
1409 991 1497 1024 nos
1536 977 1713 1025 Latine
1753 993 1864 1025 con-

98 1061 187 1102 154
200 1050 375 1097 tritum
399 1050 625 1111 dicimus,
659 1049 815 1097 omnis
841 1065 955 1112 ergo
981 1043 1225 1116 conltritio
1251 1065 1444 1097 omnem
1466 1065 1648 1098 uanam
1670 1051 1867 1098 laudem

189 1124 445 1187 extinguit.
509 1123 625 1170 Ideo
659 1126 708 1170 et
741 1123 945 1171 Tritona
981 1123 1112 1171 dicta
1145 1126 1219 1171 est
1257 1124 1349 1171 dea
1382 1124 1676 1185 sapientiae,
1709 1124 1866 1173 omnis

187 1197 318 1244 enim
372 1197 601 1245 contritio
653 1197 926 1258 sapientem
977 1193 1131 1245 facit'.
1218 1196 1309 1245 Oui
1363 1213 1475 1260 ego:
1531 1196 1722 1245 Certior
1776 1213 1865 1262 ego

121 1289 163 1321 15
187 1270 314 1318 hanc
351 1274 491 1318 tuam
529 1271 790 1332 comprobo
839 1264 1024 1338 dollctor
1062 1271 1378 1331 sententiam,
1424 1287 1540 1319 nam
1587 1274 1636 1320 et
1681 1274 1850 1320 nostra
1866 1281 1956 1325 754

187 1345 419 1393 salutaris
468 1345 732 1407 diuinaque
779 1345 1059 1407 praeceptio
1108 1361 1190 1393 cor
1235 1345 1501 1394 contritum
1551 1347 1600 1392 et
1637 1345 1865 1393 humilia-

186 1422 294 1466 tum
347 1419 510 1467 Deum
570 1435 668 1466 non
729 1419 965 1480 dispicere
1026 1419 1291 1480 praedicat.
1371 1417 1504 1474 Quae
1565 1435 1679 1467 uere
1734 1421 1867 1467 certa

186 1493 548 1555 manifestaque
589 1495 663 1540 est
701 1493 959 1555 sapientia.
1024 1493 1104 1540 Ad
1141 1493 1261 1540 haec
1299 1493 1406 1540 ille:
1447 1488 1534 1540 eUt
1566 1492 1744 1541 certius
1774 1492 1868 1540 tibi

186 1567 480 1628 planiusque
519 1567 761 1628 liquescat
800 1567 932 1628 quod
971 1567 1156 1614 dictum
1188 1569 1275 1627 est,
1318 1566 1578 1614 Carineum
1615 1566 1866 1628 posuimus

123 1658 166 1689 20
190 1641 292 1687 eius
333 1656 506 1702 corpus
538 1640 652 1703 igne
686 1655 947 1702 cremasse3
988 1640 1123 1688 carin
1154 1640 1284 1687 enim
1317 1639 1466 1687 Grece
1499 1639 1714 1703 gratiam
1744 1639 1865 1687 dici-

187 1729 311 1776 muS,
352 1729 443 1761 eon
481 1729 597 1761 uero
639 1714 859 1762 seculum
897 1729 1249 1775 nuncupamus.
1328 1712 1500 1761 Gratia
1539 1729 1654 1776 ergo
1695 1729 1863 1761 saecu-

187 1787 307 1835 laris
339 1803 497 1843 uanae
530 1787 716 1850 gloriae
748 1802 942 1835 necesse
966 1790 1041 1834 est
1071 1787 1280 1849 sepeliat
1312 1787 1508 1834 cineres.
1573 1786 1669 1834 Sed
1698 1789 1867 1835 tamen

189 1877 288 1909 non
328 1864 474 1908 antea
515 1861 719 1908 discitur
758 1861 972 1923 cognitio
1020 1863 1331 1921 secretorum,
1378 1860 1473 1908 nisi
1519 1860 1630 1921 quis
1676 1876 1869 1908 ramum

190 1935 487 1997 decerpserit
541 1950 766 1996 aureum,
827 1935 879 1981 id
934 1937 1006 1981 est
1063 1934 1311 1981 doctrinae
1375 1936 1524 1995 atque
1587 1934 1870 1982 litterarum

311 2110 365 2149 16
397 2105 567 2149 Psalm.
603 2109 672 2160 50,
701 2109 755 2148 19

308 2259 330 2297 1
366 2252 601 2297 discensus
632 2252 786 2296 PRD
832 2252 960 2295 desc·
992 2269 1026 2295 ω
1176 2256 1201 2294 2
1237 2250 1459 2307 mysteria
1483 2251 1687 2295 IHDE
1727 2249 1864 2294 mini-

188 2311 332 2357 steria
360 2312 402 2356 G
541 2317 567 2355 3
601 2311 691 2355 Sed
730 2310 927 2368 sepeliat
965 2313 1073 2354 ante
1112 2309 1342 2354 Misenum
1371 2311 1458 2355 edd
1590 2313 1619 2352 4
1649 2309 1794 2354 obruo
1825 2326 1862 2353 ω

188 2385 318 2416 orreo
335 2371 408 2416 He
439 2373 535 2416 coll.
564 2371 686 2428 Virq.
711 2377 824 2415 cont.
850 2385 893 2427 p.
911 2374 1016 2426 106,
1035 2372 1063 2413 5
1153 2374 1178 2413 5
1203 2369 1429 2412 orrueris?
1453 2369 1527 2413 He
1615 2372 1643 2412 8
1666 2368 1865 2412 bucione

187 2431 272 2487 (em
293 2445 348 2475 m.
373 2431 476 2487 rea)
493 2431 541 2473 D
579 2429 750 2473 bucina
765 2431 850 2488 Ι2β
945 2433 999 2472 10
1023 2442 1164 2484 quam
1187 2428 1278 2472 RI
1282 2429 1336 2471 H
1347 2428 1391 2473 U
1469 2433 1521 2470 11
1546 2427 1862 2471 tetrinmcnon

189 2489 315 2547 oc[D]
359 2487 637 2533 tetr'imenon
659 2489 708 2532 D
750 2487 1014 2532 tetrinenon
1037 2487 1134 2531 EL
1178 2486 1450 2530 detrincnon
1470 2487 1512 2531 G'·
1604 2500 1688 2530 nos
1720 2500 1792 2530 om
1817 2485 1862 2528 L

249 2552 303 2591 12
346 2561 534 2591 omnem·
564 2573 612 2580 --
647 2547 865 2590 contritio
899 2552 954 2590 14
993 2560 1063 2590 om
1085 2546 1135 2589 D
1293 2550 1345 2588 13
1388 2544 1564 2589 tritona
1594 2543 1751 2589 PRU
1783 2544 1858 2599 (cf.

189 2605 422 2663 Gorgona)
459 2606 653 2650 tritonia
678 2623 712 2649 ω
817 2606 906 2650 dea
945 2607 1016 2649 est
1053 2603 1312 2660 sapientiae
1352 2603 1479 2647 dicta
1511 2604 1538 2661 β
1625 2630 1627 2633 »
1698 2606 1754 2645 14
1786 2601 1862 2645 cui

190 2678 320 2721 ergo:
345 2665 389 2708 L
476 2666 719 2709 secundum
751 2679 836 2721 ego
870 2679 940 2709 om
970 2664 1046 2722 Πβ
1149 2667 1203 2706 17
1229 2662 1455 2718 dispicere
1479 2662 1576 2706 PR
1594 2661 1638 2704 U
1669 2660 1803 2717 desp—
1828 2677 1863 2704 ω

251 2736 366 2767 uera
383 2723 432 2767 D
525 2728 579 2766 19
603 2723 729 2778 quod
753 2723 928 2767 dictum
954 2724 1025 2766 est
1047 2736 1117 2766 om
1134 2722 1175 2765 G
1247 2720 1482 2764 corineum
1498 2720 1596 2763 ΕΙ)
1686 2723 1741 2762 20
1766 2718 1867 2776 igni

192 2783 230 2827 Ι
231 2783 288 2826 Η
300 2783 342 2826 U
450 2781 580 2825 curin
612 2783 639 2840 β
782 2787 835 2825 21
875 2781 1194 2838 nuncupatum
1216 2779 1265 2823 D
1406 2783 1460 2822 22
1500 2777 1540 2821 si
1581 2779 1740 2822 tamen
1765 2778 1810 2821 L

196 2846 252 2885 23
286 2843 395 2885 ante
419 2841 467 2885 D
580 2845 636 2884 24
667 2840 717 2883 id
748 2844 819 2885 est
836 2868 891 2873 —
907 2855 1088 2884 ramum
1112 2854 1161 2896 p.
1188 2843 1258 2892 97,
1278 2843 1300 2881 1
1334 2852 1404 2882 om
1431 2843 1471 2881 et
1495 2842 1597 2881 ante
1620 2835 1869 2881 facundiae
1902 2839 1922 2884 ,’

186 2915 238 2959 p.
264 2904 333 2957 97,
361 2905 385 2943 6
418 2901 688 2955 interposuit
711 2899 760 2942 D
863 2900 914 2942 id
946 2901 1016 2943 est
1039 2924 1096 2931 —-
1120 2896 1325 2940 studium
1356 2901 1425 2952 97,
1444 2901 1466 2938 1
1501 2909 1571 2939 om
1594 2896 1636 2938 L
