1976 3120
203 94 272 147 98
863 94 1218 140 UIRGILIANA

125 172 178 204 M·
205 221 447 283 eloquere.
529 221 667 268 Tunc
719 221 825 268 ille:
888 215 1038 282 ‘Ergo
1093 223 1152 267 ut
1213 222 1360 268 antea
1422 221 1634 270 diximus
1686 238 1883 272 ramum

204 310 431 358 aureum,
484 294 536 342 id
575 298 650 342 est
700 293 974 341 doctrinam
1020 293 1229 355 adeptus
1275 294 1457 343 inferos
1500 295 1780 359 ingreditur
1832 300 1885 346 et

204 371 391 417 secreta
430 368 662 416 scientiae
693 370 1046 430 perscrutatur.
1111 368 1206 415 Sed
1242 368 1296 415 in
1326 368 1571 417 uestibulo
1610 365 1886 423 inferorum.

203 443 381 505 luctus,
419 443 637 504 morbos,
675 442 827 503 bella,
878 440 1193 503 discordiam,
1241 444 1541 491 senectutem
1579 446 1730 506 atque
1769 461 1878 508 ege-

113 527 207 570 156
219 518 399 565 statem
443 516 593 564 uidet.
672 515 875 572 Quando
924 508 1054 582 erfgo
1094 515 1259 563 omnia
1308 516 1360 563 in
1399 516 1562 564 animo
1610 521 1698 566 aut
1735 518 1880 567 corde

159 609 180 641 6
202 590 303 638 uiri
341 591 711 638 considerantur
747 588 844 636 nisi
879 592 1111 652 percepto
1144 589 1394 638 doctrinae
1427 591 1589 638 studio
1630 594 1680 640 et
1710 592 1892 640 altiori-

119 667 125 670 ’
203 664 408 713 scientia
437 666 698 727 penetrata
730 662 961 726 caligine3
999 666 1118 711 tunc
1150 664 1280 711 enim
1312 664 1597 727 agnoscitur
1627 668 1677 713 et
1705 665 1893 714 inertis·

203 738 382 787 somnii
411 741 619 786 uentosa
651 737 840 785 delusio
866 740 916 785 et
941 738 1206 785 senectutis
1229 738 1555 800 propinquior
1585 739 1648 787 ad
1669 742 1879 788 mortem

1898 173 1960 213 δὴ·

202 812 386 860 uicinia
427 815 475 860 et
511 812 711 873 bellum,
751 811 992 859 auaritiae
1032 811 1362 873 seminarium,
1402 815 1451 860 et
1490 807 1508 877 ΙΙ
1543 813 1755 876 morbus,
1791 813 1865 861 111-
1880 822 1976 874 756

138 904 181 935 10
204 886 491 950 digestionis
532 888 582 933 et
626 885 950 933 inmodestiae
989 885 1201 947 soboles,
1242 889 1291 934 et
1334 886 1589 948 scandala,
1629 887 1883 936 ebrietatis

206 960 440 1023 germina,
474 962 524 1007 et
554 959 750 1021 famem,
782 959 1014 1022 pigritiae
1047 962 1096 1007 et
1118 959 1332 1021 torporis
1355 961 1687 1009 uernaculam.
1748 962 1882 1025 Ergo

204 1034 444 1082 discendit
498 1033 561 1080 ad
612 1033 795 1080 inferos
850 1035 1001 1095 atque
1054 1033 1159 1081 illic
1213 1036 1262 1080 et
1305 1049 1489 1095 poenas
1541 1035 1786 1083 malorum
1832 1037 1890 1088 et

201 1108 443 1156 bonorum
503 1106 851 1155 retributiones
913 1110 963 1155 et
1023 1109 1280 1154 amantum
1341 1107 1652 1156 considerans
1713 1108 1887 1157 tristes

204 1197 390 1230 errores
444 1182 671 1229 oculatus
724 1180 925 1243 inspicit
978 1181 1133 1229 testis.
1210 1181 1434 1243 Denique
1487 1184 1643 1230 nauta
1693 1181 1882 1231 Carone

137 1272 178 1304 15
203 1255 493 1317 deportante
531 1255 713 1303 transit
750 1254 1090 1302 Acherontem.
1159 1254 1275 1302 Ideo
1317 1258 1366 1303 et
1402 1255 1482 1303 hic
1519 1255 1701 1304 fluuius
1738 1257 1891 1310 uelut:

203 1331 366 1377 aestus
395 1329 556 1378 babet
594 1328 884 1377 ebullientes
922 1328 1219 1376 iuuenilium
1250 1332 1473 1391 actuum3
1511 1329 1621 1377 ideo
1654 1332 1704 1377 et
1741 1345 1885 1378 ceno-

203 1419 298 1465 sus,
338 1403 457 1465 quia
495 1419 593 1450 non
630 1403 815 1450 habent
851 1402 1054 1450 iuuenes
1096 1402 1287 1465 digesta
1325 1403 1613 1465 liquidaque
1654 1403 1883 1466 consilia;

201 1477 427 1524 Acheron
467 1477 596 1524 enim
627 1475 777 1524 Grece
810 1476 913 1524 sine
943 1479 1137 1539 tempus
1170 1476 1364 1539 dicitur,
1398 1475 1557 1524 Caron
1588 1492 1704 1525 uero
1737 1477 1887 1540 quasi.

203 1566 358 1612 ceron,
403 1551 456 1597 id
494 1554 569 1598 est
606 1553 814 1612 tempus,
852 1551 982 1598 unde
1022 1553 1072 1598 et
1107 1550 1473 1613 Polidegmonis
1510 1550 1641 1599 fflius
1680 1551 1881 1613 dicitur3

135 1641 181 1672 20
202 1624 525 1686 Polidegmon
572 1624 702 1671 enim
749 1623 899 1671 Grece
951 1625 1137 1671 multae
1192 1624 1424 1672 scientiae
1479 1624 1670 1672 dicitur.
1745 1625 1885 1688 Ergo

204 1698 321 1745 dum
361 1698 424 1745 ad
459 1700 654 1759 tempus
692 1698 878 1744 multae
918 1697 1151 1745 scientiae
1184 1697 1295 1758 quis
1332 1697 1626 1760 peruenerit,
1665 1699 1717 1745 in
1755 1701 1879 1746 tem-

202 1772 396 1834 porales
437 1771 688 1833 gurgitum
719 1771 1011 1818 cenositates
1042 1787 1329 1832 morumque
1361 1771 1653 1819 feculentias
1684 1772 1880 1820 transit.

202 1845 392 1892 Deinde
418 1843 756 1892 Tricerberum
786 1844 988 1892 mellitis
1020 1844 1206 1906 resopit
1237 1845 1423 1905 offulis;
1454 1844 1727 1893 Tricerberi
1751 1845 1881 1893 enim

202 1919 427 1966 fabulam
462 1918 564 1965 iam
603 1918 823 1979 superius
863 1918 1175 1980 exposuimus
1213 1917 1266 1965 in
1296 1918 1495 1965 modum
1531 1918 1682 1982 iurgii
1719 1919 1880 1967 foren-

322 2049 377 2086 24
408 2045 464 2099 cf.
491 2058 540 2099 p.
570 2049 639 2100 20,
667 2049 721 2087 10

323 2181 348 2220 3
381 2177 675 2220 scrutaturD
804 2182 832 2220 4
864 2175 1096 2220 discordia
1121 2176 1215 2220 GL
1349 2179 1374 2219 5
1406 2176 1455 2220 in
1487 2178 1623 2221 corde
1641 2177 1741 2222 EL
1829 2176 1880 2228 in

203 2235 358 2280 animo
398 2238 480 2279 aut
518 2235 567 2278 in
599 2235 753 2279 animo
793 2234 1143 2279 considerantur
1175 2235 1231 2279 H
1359 2240 1385 2279 6
1416 2235 1506 2280 uiri
1538 2251 1609 2281 om
1643 2236 1685 2280 G
1772 2249 1876 2292 per-

205 2296 341 2352 cepta
364 2319 419 2326 —-
445 2294 600 2338 studia
631 2295 812 2352 oc[D]L
858 2294 1014 2338 studia
1053 2296 1125 2352 (m.
1150 2308 1235 2339 rec.
1267 2296 1350 2350 em)
1375 2295 1424 2338 D
1531 2295 1742 2339 doctrina
1767 2294 1826 2339 H
1876 2342 1880 2344 ,

206 2353 383 2398 altioris
407 2354 520 2398 RH
524 2355 587 2412 Ε2
699 2358 722 2396 7
749 2352 971 2397 scientiae
995 2353 1052 2397 Η
1059 2354 1123 2411 Ε,
1233 2359 1257 2397 9
1290 2353 1589 2410 indigetionis
1613 2352 1878 2412 PRIIDG

203 2412 544 2470 indigetitionis
578 2413 622 2457 U
660 2411 967 2469 indigecionis
992 2413 1035 2456 L
1134 2417 1188 2455 10
1221 2412 1407 2456 subules
1432 2414 1546 2471 DIL
1646 2417 1698 2456 11
1730 2413 1879 2456 fames

203 2497 262 2503 —
292 2472 543 2515 uernacula
581 2471 788 2516 UDEL
841 2473 980 2527 (linea
1018 2485 1159 2527 supra
1200 2470 1249 2514 la
1286 2474 1431 2528 erasa)
1559 2473 1738 2516 videtwr
1773 2484 1876 2515 con-

204 2532 492 2575 structionem
513 2536 708 2575 mutasse
798 2535 851 2573 12
878 2529 1108 2574 discendit
1123 2530 1278 2574 PRG
1318 2530 1445 2574 desc·
1469 2548 1503 2574 ω
1589 2534 1644 2573 14
1668 2529 1878 2574 oculatos

213 2589 259 2633 U
306 2589 541 2632 occulatos
579 2590 664 2646 (em
702 2604 757 2633 m.
795 2591 898 2647 νεα.)
922 2589 972 2632 D
1088 2590 1234 2632 nauta
1273 2602 1302 2632 a
1341 2602 1505 2633 carone
1543 2590 1590 2632 te
1630 2588 1877 2644 deportata

205 2647 250 2690 L
392 2652 445 2691 16
485 2646 758 2690 iuuenilium
797 2647 1071 2692 ebullientes
1096 2648 1132 2691 I
1229 2648 1277 2691 et
1313 2662 1383 2692 om
1410 2649 1452 2693 G
1601 2652 1656 2691 18
1693 2648 1876 2703 tempus

206 2707 435 2762 (suprascr
466 2707 524 2750 al.
557 2721 612 2750 m.
648 2709 742 2761 ore)
766 2707 803 2750 I
905 2719 1014 2750 uero
1045 2720 1115 2751 om
1138 2706 1237 2750 EL
1370 2710 1424 2749 19
1457 2719 1592 2750 ceron
1615 2705 1690 2749 He
1735 2719 1877 2749 corun

206 2764 368 2810 PRH
393 2778 530 2808 coron
546 2765 630 2808 IL
660 2769 768 2808 corsi
785 2766 834 2809 D
867 2778 1275 2809 eorunemcronon
1306 2765 1350 2809 U
1381 2778 1551 2808 cronon
1575 2764 1623 2807 E
1632 2763 1675 2808 G
1711 2761 1876 2820 καιρόν

205 2824 474 2882 Junqmawn
593 2828 645 2866 21
678 2825 902 2880 peruenet
925 2825 970 2869 R
1015 2822 1169 2882 puerit
1190 2823 1240 2867 D
1358 2828 1412 2866 22
1444 2821 1644 2880 gurgitis
1670 2822 1770 2866 EL
1813 2823 1876 2872 ad

204 2882 375 2927 transit
404 2883 521 2940 yloss
552 2884 740 2938 superat
770 2883 868 2928 UE
1009 2887 1064 2926 23
1093 2881 1299 2939 resopitfi
1330 2881 1501 2926 fabulis
1527 2883 1577 2926 Ε
