1976 3120
699 96 900 142 MUNDI
929 96 1008 141 ΕΤ
1038 94 1294 141 HOMINIS
1736 96 1839 169 157

1858 171 1908 204 Η.

138 224 399 289 parcendo
439 223 662 288 erigitur,
702 223 831 272 alius
869 223 999 271 male
1038 221 1282 306 parcendo
1323 221 1547 270 deicitur.
1611 222 1680 270 Et
1719 221 1842 285 quid
1856 231 1976 265 abeat}

151 299 400 363 pluribus.
442 299 616 363 Surgit
645 297 854 346 Dauid
840 315 892 345 m
926 313 1136 361 regnum
1173 297 1253 345 sui
1291 296 1478 345 domini
1516 296 1750 359 famulus,
1790 297 1844 345 in

151 373 490 437 principatum
534 374 708 436 pastor
744 371 1038 434 uilissimus,
1085 373 1324 434 patronus
1371 371 1584 419 fratrum
1624 371 1844 419 omnium

152 445 410 509 minimus3
449 447 720 496 ammonite
754 447 1057 510 pastoralem
1096 445 1371 508 audaciam,
1410 449 1605 494 emtam
1641 446 1845 494 leonum

153 485 455 570 mandibulis
501 521 759 584 praedam·
815 519 986 570 Goliae
1036 521 1187 569 etiam
1234 522 1406 568 aerata
1457 520 1608 568 cassis
1661 520 1843 568 fundae
1868 537 1889 571 5

153 597 326 645 rotatu
371 596 584 646 stridulo
631 596 905 659 perforata,
955 595 1202 644 dotalibus
1243 594 1396 643 etiam
1438 595 1603 643 titulis
1643 597 1844 643 centum

154 670 408 719 Filisteica
446 671 632 719 collata
668 670 948 733 praeputia.
1027 669 1163 726 Quae
1210 672 1299 718 tua
1342 669 1396 717 in
1441 669 1506 732 is,
1553 670 1709 731 Deus,
1758 669 1842 717 ad-

152 745 380 793 miranda
427 747 544 793 sunt
591 745 741 806 dona3
798 744 1038 792 excedunt
1085 744 1237 792 etiam
1282 744 1485 792 modum
1529 743 1842 792 credulitatis

155 835 495 882 quaecumque
540 819 683 883 larga
729 818 953 867 bonitate
1001 818 1310 867 concesseris.
1386 818 1636 867 Paruulus
1687 818 1843 867 leonis

153 893 212 942 fit
248 893 456 956 praedo,
502 893 664 942 nudus
703 893 868 942 uictor
907 894 1100 942 exultat
1139 895 1349 949 armat0,
1396 896 1568 956 pastor
1613 893 1846 941 triumfat
1870 910 1912 943 ιο

155 984 215 1016 ex
259 984 437 1031 genere
484 967 740 1032 giganteo,
789 968 923 1016 solus
972 970 1178 1016 centeno
1223 967 1483 1031 coniugem
1521 968 1664 1016 dotat
1700 984 1843 1030 prae-

154 1042 320 1105 putio,
368 1058 540 1090 seruus
587 1042 665 1090 sui
711 1041 898 1091 domini
943 1042 1164 1091 succedit
1210 1042 1262 1089 ιιι
1301 1059 1466 1106 regno.
1545 1041 1744 1099 Quanta
1791 1041 1845 1090 in

152 1115 197 1164 is
235 1118 326 1164 tua
361 1116 766 1179 superabundans
798 1116 976 1180 gratia,
1016 1116 1210 1165 domine
1242 1117 1375 1165 Deus
1406 1131 1560 1179 meus,
1601 1118 1847 1179 quantum

153 1189 207 1238 in
244 1190 287 1238 is
324 1190 507 1239 iterum
537 1190 823 1239 mortalium
855 1207 914 1238 ex
945 1191 1154 1239 aduerso
1185 1191 1402 1239 reluctat
1433 1206 1679 1239 occursus
1742 1192 1845 1239 Das

153 1264 372 1329 indignis
419 1281 547 1327 quae
593 1281 692 1313 non
738 1265 905 1327 debes,
951 1281 1051 1314 non
1088 1265 1266 1327 recipis
1306 1281 1395 1328 pro
1441 1266 1695 1328 praestitis
1734 1281 1845 1330 gra·
1871 1283 1912 1316 15

153 1338 341 1387 tiarum
380 1339 625 1387 actionem
658 1355 807 1402 quam
845 1339 991 1388 debes
1031 1342 1081 1387 et
1119 1339 1296 1402 recipis
1337 1339 1398 1387 ab
1429 1340 1642 1404 ingratis
1674 1343 1845 1388 contu-

154 1413 329 1461 melias
361 1414 520 1478 magis
553 1429 675 1476 quas
707 1430 805 1462 non
830 1414 989 1462 debes.
1046 1414 1211 1478 Erigis
1238 1431 1296 1462 ex
1324 1416 1538 1463 stercore
1562 1431 1847 1477 pauperem,

155 1490 217 1535 ut
255 1487 424 1536 sedeat
459 1503 572 1535 cum
609 1488 933 1552 principibus3
974 1488 1062 1536 das
1100 1489 1361 1537 triumfum
1390 1489 1444 1536 in
1475 1489 1719 1553 gentibus,
1759 1489 1846 1537 das

156 1563 476 1624 potentatum
512 1561 565 1609 in
603 1562 811 1626 ciuibus,
852 1564 902 1611 et
932 1564 1101 1610 tamen
1141 1563 1337 1611 adulter
1376 1563 1594 1612 omicidii
1630 1563 1848 1612 sociatur

156 1636 331 1684 scelus.
415 1636 599 1684 Feruet
653 1637 777 1686 adue
829 1637 1107 1685 innocentis
1161 1638 1374 1686 cadauer
1424 1638 1742 1686 interfectum
1794 1637 1847 1685 in
1872 1656 1915 1688 20

155 1710 346 1772 proelio
387 1713 436 1759 et
475 1710 715 1774 glandula
753 1711 1005 1760 libidinosi
1042 1711 1261 1760 adulteri
1299 1711 1461 1761 alieno
1501 1715 1759 1776 grassatur
1794 1711 1848 1760 in

156 1784 307 1844 lecto3
348 1786 425 1833 tot
456 1787 506 1832 et
535 1787 791 1834 tantarum
821 1801 920 1833 non
958 1785 1119 1834 dicam
1149 1785 1375 1848 maritus,
1408 1786 1494 1835 sed
1526 1787 1847 1835 admissarius

158 1858 425 1923 coniugum
463 1859 663 1908 unicum
692 1860 903 1923 pauperi
938 1860 1152 1923 subripit
1181 1855 1569 1910 matrimonium.
1632 1862 1849 1909 Nullane

158 1931 381 1981 animum
426 1932 734 1982 libidinantis
782 1934 1110 1984 consideratio
1156 1936 1480 1998 temperauit,
1534 1952 1636 1985 non
1690 1936 1850 1983 diuini

158 2006 343 2055 ordinis
382 2011 678 2071 augmentus
719 2011 809 2057 aut
846 2009 1137 2071 praemium,
1176 2026 1277 2058 non
1314 2011 1482 2073 regale
1520 2010 1847 2073 propositum,
1871 2026 1914 2060 25

279 2124 304 2162 2
321 2133 410 2176 sqq.
437 2121 494 2174 cf.
516 2120 537 2163 Ι
554 2119 675 2164 Sam.
696 2124 764 2165 16.
785 2124 840 2164 17
964 2125 1016 2164 17
1043 2122 1100 2176 cf.
1125 2121 1297 2167 Psalm.
1325 2126 1423 2179 112,
1450 2127 1474 2165 7
1495 2136 1561 2178 sq.
1686 2127 1739 2166 19
1757 2136 1847 2180 sqq.

158 2178 218 2233 cf.
247 2177 290 2221 Π
314 2178 434 2223 Sam.
462 2183 516 2222 11

278 2286 307 2326 4
340 2282 605 2327 admonitus
631 2282 668 2328 S
765 2285 899 2328 eruta
930 2301 965 2328 ω
996 2298 1063 2329 em
1087 2284 1162 2329 He
1294 2289 1320 2328 5
1351 2286 1530 2343 praeda
1554 2285 1591 2331 S
1688 2287 1791 2330 erat
1822 2299 1850 2330 a

161 2369 328 2414 castris
353 2371 451 2416 PR
556 2353 858 2427 sunderatato
888 2375 971 2430 (em
1000 2388 1057 2418 m.
1089 2375 1194 2431 rec.)
1220 2374 1267 2418 P
1418 2379 1442 2418 7
1473 2373 1743 2431 philisteica
1766 2374 1803 2420 S
1809 2375 1855 2420 P

162 2430 248 2486 (em
270 2444 327 2474 m.
351 2432 455 2487 rec.)
568 2429 619 2474 ιιι
649 2443 719 2476 om
742 2432 839 2477 PR
950 2432 1024 2476 his
1041 2433 1093 2536 lS
1212 2437 1266 2477 10
1299 2435 1506 2478 armatus
1532 2452 1567 2478 ω
1615 2436 1683 2478 -to
1716 2435 1791 2480 He

160 2488 422 2546 triumphat
453 2489 542 2534 SP
576 2493 661 2547 (em
694 2506 749 2536 m.
785 2493 889 2548 rec.)
1071 2494 1364 2551 lgyganteo
1389 2493 1426 2538 S
1573 2498 1626 2538 13
1659 2493 1733 2538 his
1758 2494 1795 2540 S

163 2547 580 2606 superhabundans
604 2548 642 2594 S
760 2555 816 2595 14
846 2550 919 2595 his
946 2551 982 2596 S
1041 2497 1193 2596 1dans
1218 2553 1264 2597 R
1386 2557 1440 2597 15
1472 2567 1567 2597 non
1597 2553 1767 2612 recipis
1793 2580 1849 2587 —

162 2621 305 2663 quam
344 2608 486 2652 debes
520 2613 574 2651 16
606 2623 676 2654 om
700 2609 737 2655 S
884 2615 939 2654 16
972 2613 1020 2655 et
1055 2610 1226 2668 recipis
1250 2638 1305 2644 —
1331 2626 1448 2669 quas
1486 2627 1582 2658 non
1617 2613 1759 2658 debes
1794 2618 1849 2658 17

162 2679 235 2710 om
261 2668 306 2710 P
416 2672 470 2711 17
494 2681 747 2725 pauperem
778 2671 832 2714 ut
862 2670 1026 2714 sedeat
1055 2684 1126 2715 om
1150 2671 1246 2716 PR
1368 2676 1422 2716 18
1453 2671 1743 2729 triumphum
1768 2673 1856 2718 SP

163 2726 247 2782 (em
268 2741 324 2771 m.
349 2728 453 2783 rec.)
569 2732 623 2771 19
657 2727 888 2774 adulterio
914 2729 950 2774 S
1035 2729 1279 2774 homicidii
1302 2731 1393 2776 RS
1495 2737 1551 2776 20
1583 2732 1738 2776 adhuc
1761 2732 1855 2778 RS

223 2785 467 2830 cadaueris
491 2786 588 2832 PR
730 2792 784 2831 21
826 2788 1053 2845 glandina
1077 2789 1173 2835 PR
1308 2789 1498 2835 libidini
1519 2792 1616 2837 PR
1656 2791 1794 2835 libini
1818 2791 1855 2837 S

163 2841 377 2947 ffli‘lzffls
401 2845 480 2950 SHo
524 2845 768 2892 libidinosi
791 2803 1016 2905 Pglasberq
1152 2853 1207 2893 22
1241 2851 1289 2893 et
1318 2864 1389 2895 om
1412 2851 1510 2896 PR
1646 2855 1702 2895 25
1735 2866 1852 2909 aug-

237 2917 271 2946 n
324 2918 370 2947 m
