1976 3120
11 158 13 165 Α
858 104 1038 150 LIBER
1066 105 1132 150 111
1771 106 1800 157 7
1809 106 1837 157 7

10 168 14 198 ³
74 185 125 220 Η.
1862 182 1915 216 St.

0 211 12 242 '⁷
150 234 356 284 asininis
409 233 610 282 auribus
660 233 853 294 dicitur,
902 232 1020 295 quia
1067 232 1225 280 omnis
1279 231 1588 279 discernendi
1635 232 1840 295 ignarus

148 308 274 357 nihil
311 307 477 356 differt
516 308 578 356 ab
612 307 764 356 asino.
837 305 911 355 Ob
943 307 1069 355 hanc
1101 323 1206 355 rem
1238 306 1390 354 etiam
1423 308 1473 354 et
1503 322 1705 354 seruum
1736 306 1840 355 eius

149 382 398 432 auriculas
451 383 676 430 referunt
735 381 1023 445 prodidisse.
1108 381 1371 444 Ingenium
1431 380 1564 428 enim
1618 382 1844 428 nostrum

148 473 347 506 seruum
392 456 571 505 habere
626 456 859 504 debemus
915 456 978 503 ad
1017 455 1197 504 -omnia
1245 471 1371 518 quae
1424 455 1656 504 uolumus
1705 454 1842 503 obse-

150 533 386 595 quentem
440 533 490 579 et
543 534 715 580 nostra
767 533 957 579 secreta
1012 531 1268 579 celantem.
1346 528 1488 586 Quod
1542 531 1711 577 autem
1756 546 1845 592 per
1869 547 1889 579 5

151 622 362 655 cannam
393 606 626 668 prodidit,
667 601 776 668 ‘per
797 604 1021 653 fistulam
1043 600 1300 668 gutturis'‚
1340 597 1645 671 ‘lollquendo'
1677 604 1828 668 signi-
1846 616 1933 657 731

150 679 280 729 ficat.
365 678 506 737 Quod
551 696 671 728 uero
723 682 894 741 pastor
948 679 1109 741 audit,
1164 681 1389 741 pastores
1439 681 1556 727 sunt
1602 678 1699 740 illi,
1760 678 1846 741 qui

151 755 316 803 aliena
356 755 653 802 exculcando
691 754 927 815 suptilius
966 756 1190 816 pascunt.

464 903 522 950 X.
578 902 806 950 Fabula
847 901 1068 964 Orphei
1109 905 1164 950 et
1205 902 1524 951 Euridicis.

267 1005 490 1069 Orpheus
516 1006 798 1055 Euridicem
821 1007 1029 1054 nimfam
1061 1007 1271 1068 amauit3
1305 1022 1456 1069 quam
1480 1023 1600 1056 sono
1625 1007 1846 1055 citharae
1872 1025 1915 1056 10

156 1082 374 1130 mulcens
414 1098 618 1130 uxorem
648 1081 802 1129 duxit.
872 1081 1015 1129 Hanc
1046 1082 1273 1130 Aristeus
1314 1084 1486 1144 pastor
1517 1081 1636 1129 dum
1674 1097 1847 1130 amans

156 1156 395 1218 sequitur,
444 1155 534 1204 illa
572 1156 768 1219 fugiens
806 1156 860 1203 in
899 1158 1179 1218 serpentem
1217 1156 1394 1204 incidit
1433 1159 1484 1204 et
1521 1158 1719 1204 mortua
1759 1159 1848 1204 est.

156 1230 279 1278 Post
314 1245 465 1292 quam
494 1230 702 1278 maritus
735 1230 799 1278 ad
838 1230 1021 1279 inferos
1061 1230 1314 1278 descendit
1353 1233 1404 1278 et
1441 1231 1604 1294 legem
1643 1231 1848 1293 accepit,

67 1314 155 1357 131
170 1321 231 1352 ne
263 1319 374 1352 eam
405 1319 670 1352 conuersus
704 1305 966 1366 aspiceret3
998 1320 1150 1367 quam
1184 1301 1190 1368 Ι
1226 1320 1490 1353 conuersus
1523 1307 1574 1353 et
1605 1305 1849 1367 aspiciens

156 1379 339 1427 iterum
391 1378 622 1440 perdidit.
699 1379 835 1427 Haec
888 1379 1046 1443 igitur
1097 1379 1269 1427 fabula
1324 1379 1447 1428 artis
1503 1382 1579 1427 est
1630 1379 1847 1428 musicae
1874 1396 1916 1430 15

157 1452 450 1516 designatio.
516 1450 739 1515 Orpheus
783 1451 957 1516 [enim]
1002 1453 1182 1501 dicitur
1221 1454 1467 1515 oreafone,
1506 1453 1559 1501 id
1597 1456 1672 1502 est
1700 1449 1718 1518 ΙΙ
1749 1470 1832 1517 op·
1849 1465 1940 1507 732

155 1527 281 1575 tima
319 1543 438 1588 uox,
478 1527 708 1575 Euridice
748 1544 866 1576 uero
913 1528 1164 1590 profunda
1202 1528 1507 1576 diiudicatio.
1585 1528 1644 1576 In
1696 1529 1849 1577 omni-

156 1601 247 1649 bus
294 1601 450 1664 igitur
487 1601 679 1649 artibus
727 1604 843 1650 sunt
889 1603 1079 1664 primae
1127 1605 1279 1664 artes,
1327 1605 1444 1650 sunt
1482 1603 1748 1663 secundae3
1795 1606 1853 1651 ut

156 1675 211 1724 in
247 1675 518 1737 puerilibus
564 1675 748 1724 litteris
794 1677 956 1738 prima
1002 1677 1304 1738 abecetaria,
1353 1677 1568 1725 secunda
1606 1680 1748 1739 nota,
1799 1678 1852 1725 in

157 1749 494 1815 grammaticis
525 1749 687 1812 prima
717 1751 886 1814 lectio,
919 1751 1137 1799 secunda
1168 1751 1470 1814 articulatio,
1509 1751 1561 1798 in
1592 1752 1851 1800 rethoricis
1877 1771 1920 1802 20

157 1824 320 1887 prima
356 1823 624 1886 rethorica,
663 1825 879 1873 secunda
918 1825 1199 1888 dialectica,
1246 1827 1300 1873 in
1338 1826 1650 1891 geometricis
1690 1827 1853 1889 prima

281 2030 336 2069 10
367 2040 458 2083 sqq.
488 2040 528 2070 v.
562 2026 708 2082 myth.
740 2025 849 2071 vat.
882 2027 904 2070 Ι
937 2031 991 2070 76
1037 2027 1080 2071 Π
1111 2032 1168 2070 44
1213 2027 1279 2071 ΠΙ
1309 2032 1351 2083 8,
1370 2032 1426 2071 20

281 2223 307 2261 2
340 2218 399 2262 ab
430 2218 552 2263 hanc
582 2232 680 2263 rem
704 2219 844 2264 PRI
876 2219 936 2264 ob
967 2219 1090 2264 hanc
1122 2220 1267 2264 etiam
1295 2234 1395 2265 rem
1413 2221 1471 2266 H
1558 2226 1585 2265 6
1616 2235 1702 2278 per
1731 2236 1802 2267 om
1825 2223 1854 2281 β

222 2276 382 2322 fistula
411 2278 508 2323 PR
645 2282 670 2322 7
703 2277 848 2323 audet
878 2279 1010 2338 oc[D]
1117 2279 1191 2323 illi
1221 2294 1293 2325 om
1317 2281 1367 2324 E
1499 2285 1526 2325 8
1559 2280 1716 2325 aliena
1747 2295 1855 2326 con-

164 2335 393 2381 culcando
412 2338 465 2381 H
507 2335 686 2390 alienas
718 2337 1034 2383 conculcando
1050 2339 1101 2383 D
1147 2338 1304 2383 aliena
1334 2339 1562 2383 calcando
1590 2341 1646 2399 T2
1698 2339 1857 2385 aliena

165 2395 389 2440 sulcando
414 2396 465 2441 Ε
506 2395 663 2441 aliena
694 2396 1004 2442 auscultando
1031 2398 1074 2443 G-
1120 2397 1300 2442 alienas
1331 2398 1561 2443 culcando
1593 2402 1667 2456 (=
1701 2399 1858 2444 aliena

166 2454 368 2512 exculc-)
384 2472 419 2499 ω
481 2454 701 2513 suptilius
718 2457 816 2502 PR
848 2457 976 2501 subt·
994 2474 1030 2500 ω
1062 2471 1148 2501 sua
1162 2456 1327 2502 utilius
1344 2459 1498 2504 Barth
1558 2463 1585 2502 9
1609 2458 1856 2504 Eurudicis

163 2515 212 2560 R
290 2519 345 2558 10
377 2514 543 2559 Orfeus
570 2516 630 2559 M
686 2515 956 2561 Eurudicen
978 2517 1025 2562 R
1063 2516 1302 2562 euridicen
1324 2518 1381 2562 H
1386 2519 1414 2578 β
1473 2517 1672 2563 nimfam
1695 2519 1866 2565 PRM

165 2573 329 2630 nysam
343 2574 394 2619 D
437 2574 695 2632 nympham
715 2576 757 2620 Τ
781 2575 1024 2634 nimpham
1040 2593 1075 2620 ω
1167 2577 1391 2633 cytharae
1407 2579 1443 2622 I
1445 2578 1501 2622 H
1506 2579 1550 2623 G-
1657 2584 1711 2623 11
1737 2578 1859 2623 dixit

166 2633 264 2679 PR
355 2633 586 2679 aristaeus
600 2635 638 2678 I
642 2635 692 2679 E
810 2640 867 2679 14
898 2638 947 2680 et
977 2651 1047 2681 om
1071 2635 1193 2696 [De
1315 2641 1370 2681 16
1404 2637 1651 2682 OrfeusM
1733 2638 1859 2683 enim

166 2692 215 2737 R
255 2707 326 2738 om
349 2710 384 2737 ω
475 2693 683 2739 oreafore
708 2695 764 2739 H
806 2695 1073 2740 oreafonete
1102 2696 1146 2740 G
1266 2701 1320 2740 17
1351 2696 1590 2742 euridicen
1628 2699 1769 2755 (·cem
1797 2698 1859 2755 T)

168 2751 258 2796 oeE'
375 2757 429 2797 18
462 2754 510 2797 et
541 2755 651 2798 sunt
681 2767 771 2799 sec.
796 2755 848 2800 E
965 2760 1020 2799 19
1054 2754 1334 2800 abecedaria
1349 2757 1472 2816 ΕΒ,
1597 2762 1654 2801 20
1686 2757 1858 2802 articu-

169 2851 286 2899 latio
303 2857 354 2900 Ε
381 2856 651 2912 articulatio
670 2858 711 2902 T
744 2858 953 2903 artilatio
978 2875 1013 2902 ω
1045 2860 1103 2914 cf.
1115 2873 1163 2916 p.
1183 2862 1257 2915 97,
1273 2863 1303 2905 5
1375 2860 1586 2906 retoricis
1612 2862 1658 2907 R
1704 2817 1858 2908 11ὲῦὴο-

169 2911 280 2958 ricis
295 2914 345 2958 D
387 2915 632 2961 rhetoricis
649 2917 685 2961 I
813 2923 868 2962 21
901 2918 1135 2963 rhetorica
1151 2919 1236 2963 ID
