1976 3120
262 101 365 154 132
875 102 956 146 DE
987 101 1323 148 AETATIBUS

192 178 554 290 H'postremum
607 227 731 274 liber
785 226 880 275 sibi
928 226 1244 276 diminuendo
1297 227 1565 290 perdiderit
1617 229 1924 280 elementum.

251 300 619 364 Constringitur
679 301 810 348 enim
870 302 1037 348 noster
1098 301 1291 349 dicendi
1349 317 1506 351 sermo
1566 303 1714 353 huius
1774 304 1928 353 inter·

250 374 479 424 dictionis
532 374 719 437 forcipe
772 374 1011 436 domitus,
1065 375 1147 422 cui
1194 374 1394 437 quidem
1439 377 1773 426 sollertissime
1827 394 1924 427 ser-

250 449 487 497 uiendum
527 450 620 510 est,
659 465 720 496 ne
758 447 811 495 in
840 448 915 510 id,
957 448 1089 511 quod
1126 449 1419 512 fugiendum
1454 451 1814 514 proposuimus,
1850 451 1925 500 in·

206 539 227 572 5
251 522 460 572 currisse
486 522 708 584 quolibet
737 522 882 570 modo
913 522 1185 586 legentium
1207 522 1390 572 iudicio
1415 523 1716 574 denotemur.
1763 525 1928 590 Igitur

251 596 294 646 si
339 596 608 645 secundum
657 595 925 644 Grecorum
972 596 1325 645 elementorum
1371 597 1547 646 ductus
1593 599 1926 662 loquendique

250 686 449 733 morem,
488 670 575 717 ubi
614 686 672 717 ex
708 669 898 731 primae
935 669 1123 733 figurae
1155 670 1319 734 sigillo
1351 687 1510 734 usque
1539 672 1594 719 in
1623 675 1928 735 postremum

252 758 294 792 ω
333 743 430 792 sibi
465 742 633 792 DCCC
671 743 864 791 numeri
902 744 1223 808 colliguntur,
1271 747 1469 793 nostrae
1509 747 1669 795 scolae
1706 746 1925 796 uolueris

250 818 469 867 conferre
501 817 824 880 primordium
855 819 906 865 et
927 818 1177 867 Romuleis
1201 818 1482 881 Libicisque
1512 819 1693 868 litteris
1724 820 1927 870 orientis

184 908 228 940 10
250 892 557 955 iungendum
610 891 806 939 duxeris
861 894 1153 955 conputum,
1206 893 1344 941 nullo
1399 893 1543 941 modo
1598 893 1691 942 sibi
1743 894 1925 944 similes

251 965 380 1014 coire
426 967 662 1028 poterunt
708 965 924 1027 ordines3
978 982 1139 1028 neque
1187 965 1316 1013 enim
1359 967 1394 1014 k
1440 969 1490 1015 et
1533 968 1567 1014 h
1612 966 1765 1016 Greco
1812 983 1924 1017 con*

250 1039 417 1088 cordes
466 1041 603 1101 sunt,
658 1038 905 1100 episemon
958 1055 1156 1102 quoque
1203 1043 1253 1088 et
1297 1040 1387 1088 cus
1427 1041 1561 1103 quod
1606 1039 1789 1090 Grecus
1834 1057 1924 1104 pro

249 1113 467 1161 numeris
503 1113 815 1175 interposuit,
858 1113 1179 1161 Romulidum
1217 1114 1335 1163 ordo
1374 1130 1473 1162 non
1509 1114 1715 1162 inuenit.
1790 1115 1924 1179 Ergo

252 1188 517 1235 occurrunt
567 1187 620 1234 in
664 1187 845 1235 nostris
900 1187 1089 1248 litteris,
1143 1187 1186 1234 si
1231 1188 1499 1236 secundum
1540 1188 1654 1236 iflos
1698 1203 1926 1238 numeres

186 1277 228 1311 15
252 1276 413 1322 usque
465 1260 518 1307 in
570 1263 873 1322 postremum
925 1278 970 1324 z,
1025 1261 1092 1323 D,
1148 1276 1246 1323 quo
1300 1261 1558 1310 duodecies
1606 1261 1928 1326 quingenteni

251 1334 426 1382 mundi
461 1334 680 1382 uiuentis
719 1334 937 1383 indicent
973 1337 1192 1397 tempus3
1235 1334 1311 1382 sin
1347 1351 1467 1383 uero
1508 1335 1765 1385 duodecies
1805 1337 1925 1385 duo-

254 1408 382 1470 deni,
413 1407 549 1455 uitae
580 1408 791 1456 hominis
821 1424 1016 1456 necesse
1048 1411 1123 1456 est
1151 1411 1454 1457 monstretur
1485 1425 1736 1473 excursus;
1769 1403 1923 1478 item}

210 1493 237 1534 5
256 1482 374 1530 dum
414 1481 672 1530 duodecies
710 1482 895 1546 uiginti
931 1484 1030 1530 tres
1070 1483 1341 1545 collexeris,
1380 1499 1561 1531 nouem
1596 1483 1839 1532 mensium
1876 1485 1927 1532 et

253 1571 334 1604 sex
370 1555 560 1603 dierum
597 1556 844 1618 repperies
882 1573 1157 1618 numerum,
1197 1556 1524 1605 certissimum
1563 1573 1622 1605 ex
1659 1559 1801 1606 utero
1837 1557 1924 1606 ho·

187 1646 230 1678 20
253 1629 399 1677 minis
436 1630 746 1691 procedentis
785 1645 1055 1693 egressum,
1101 1632 1160 1677 ut
1204 1630 1335 1677 unde
1374 1630 1564 1693 generis
1602 1630 1925 1693 primordium

252 1703 484 1764 sumitur,
530 1702 665 1750 illinc
706 1719 902 1766 quoque
941 1703 1114 1751 mortis
1153 1703 1271 1751 ordo
1311 1703 1546 1767 signetur.
1622 1704 1755 1768 Ergo
1795 1703 1924 1753 sicut

250 1777 304 1824 in
341 1776 535 1824 homine
573 1777 755 1840 uiginti
794 1780 843 1825 et
879 1777 1039 1825 tribus
1076 1777 1248 1825 lustris
1285 1793 1444 1825 mores
1483 1777 1775 1840 ordinesque
1812 1794 1923 1826 uer-

251 1852 429 1898 tuntur
476 1851 525 1897 et
569 1850 750 1914 uiginti
799 1851 958 1899 tribus
1005 1850 1255 1898 elementis
1308 1851 1463 1899 totius
1517 1851 1751 1901 sermonis
1805 1851 1922 1900 ordo

253 1923 516 1987 colligitur,
555 1923 623 1971 sic
663 1941 854 1987 quoque
895 1927 943 1972 et
979 1924 1032 1971 in
1069 1925 1251 1972 mundo
1288 1924 1379 1971 XX
1417 1927 1467 1972 et
1509 1926 1609 1974 tres
1645 1927 1925 1988 temporum

188 2014 230 2047 25
254 1996 543 2059 disponendi
572 2000 689 2045 sunt
725 2001 905 2060 motus,
945 2013 1042 2060 quo
1075 1998 1283 2061 singuiis
1317 1998 1606 2063 quibusque,
1640 2000 1701 2047 ut
1737 1999 1924 2047 dictum

255 2073 349 2132 est,
400 2070 539 2118 libris
593 2073 642 2118 et
690 2071 996 2135 singulorum
1047 2072 1244 2119 litterae
1291 2071 1614 2120 obseruentur
1668 2074 1717 2120 et
1763 2087 1922 2122 mores

253 2145 487 2206 uitaeque
524 2144 778 2192 hominum
814 2146 1124 2207 picturentur
1163 2147 1212 2193 et
1249 2145 1421 2193 mundi
1456 2145 1611 2208 ipsius
1646 2161 1723 2194 res
1755 2147 1923 2209 gestae

253 2217 467 2266 lucidius
505 2217 911 2266 demonstrentur.

373 2421 401 2459 4
429 2416 748 2473 proposuimus
779 2417 1051 2474 fugiendum
1074 2417 1160 2463 SV
1272 2421 1298 2461 8
1331 2433 1368 2461 ω
1400 2417 1483 2461 ubi
1514 2420 1611 2462 occe
1640 2415 1917 2474 (octingenti
1969 2431 1973 2434 ·

264 2476 328 2532 V)
361 2492 395 2518 ω
449 2474 540 2518 sibi
563 2475 636 2520 He
761 2476 946 2520 scholae
971 2477 1016 2521 V
1166 2480 1221 2520 10
1251 2477 1394 2533 9pot1‘1
1418 2476 1455 2522 S
1609 2480 1663 2519 12
1702 2475 1923 2532 episenon

170 2554 173 2557 ·
256 2534 342 2578 SV
454 2533 543 2577 cuf.
585 2551 619 2577 ω
645 2556 699 2571 =
725 2541 825 2591 ἣπρ,
865 2533 1022 2579 κόππα
1176 2540 1230 2578 13
1269 2534 1523 2579 romulidus
1547 2535 1595 2578 P
1633 2533 1865 2579 romuleus
1889 2534 1927 2579 S

255 2591 535 2636 romulidum
558 2593 603 2635 V
732 2597 786 2636 14
815 2593 1018 2638 numeris
1050 2610 1084 2636 ω
1130 2593 1299 2637 litteris
1323 2594 1397 2638 He
1441 2592 1571 2637 nuffii
1594 2592 1632 2638 S
1752 2597 1807 2636 15
1838 2607 1862 2636 z
1895 2595 1920 2637 δ

258 2665 348 2707 quo
373 2651 408 2696 S
449 2667 472 2694 z
506 2686 514 2694 .
544 2687 552 2695 .
580 2686 588 2695 .
615 2686 625 2695 .
651 2653 760 2708 (ras)
791 2666 881 2707 quo
906 2654 952 2696 P
991 2668 1015 2696 z
1038 2665 1067 2696 ιιι
1090 2651 1214 2708 quod
1238 2652 1282 2696 V
1312 2654 1508 2709 (siynum
1529 2657 1635 2710 post
1664 2666 1688 2694 z
1718 2651 1922 2709 coqnesci

256 2723 349 2754 ‘non
373 2712 566 2766 poterat)
680 2713 734 2753 18
766 2710 1006 2768 collegeris
1030 2712 1072 2755 V
1164 2724 1374 2754 mensum
1405 2711 1449 2755 V
1566 2714 1620 2754 19
1650 2709 1850 2766 reperies
1881 2710 1926 2755 V
1966 2751 1969 2753 .

317 2773 373 2812 20
410 2768 736 2825 procedentem
766 2786 800 2812 ω
832 2785 898 2815 em
921 2770 995 2813 He
1022 2784 1061 2814 v.
1080 2783 1129 2826 p.
1154 2771 1304 2825 134,5
1451 2773 1507 2812 22
1545 2768 1729 2812 homine
1760 2768 1847 2814 PS

260 2831 317 2870 24
346 2826 516 2884 uiginti
548 2829 595 2871 et
623 2829 716 2871 tres
743 2829 787 2873 V
913 2833 968 2872 27
999 2841 1129 2886 reges
1160 2826 1386 2872 elucidius
1411 2827 1448 2873 S
