1976 3120
0 79 3 133 ἓ

0 177 102 210 ἸΜ.

765 97 1180 144 οοΝΤΙΝἙΝΤΙΑ
1743 96 1812 148 91

1835 171 1888 205 st.

123 243 234 276 cum
278 227 468 288 septem
520 224 732 274 nauibus
779 224 961 273 euadit.
1036 222 1207 272 Libico
1261 221 1314 269 in
1363 221 1510 270 litore
1558 220 1813 283 accipitur.

118 301 332 349 Matrem
376 299 505 347 uidit
550 316 640 348 nec
690 299 927 364 agnoscit.
1003 298 1148 346 Nube
1191 312 1315 345 caua
1354 312 1466 344 cum
1503 295 1661 343 Acate
1702 311 1813 343 con·

117 374 318 439 tegitur.
387 373 579 422 Dehinc
617 374 824 436 picturis
864 372 1085 420 animum
1123 372 1348 420 aduocat.
1410 370 1654 418 Posthaec
1694 385 1814 418 cena

117 451 348 511 acceptus
380 448 599 496 citharae
635 464 754 496 sono
787 448 1043 495 mulcetur.
1106 446 1273 494 Habes
1303 444 1525 492 breuiter
1556 444 1813 492 decursam

115 522 266 586 primi
310 522 426 570 libri
473 522 842 571 continentiam.
921 520 1050 578 Quid
1107 521 1166 568 de
1222 519 1298 567 his
1354 518 1584 580 senseris,
1640 518 1810 566 audire
1835 534 1855 566 5

116 597 354 646 desidero.
433 597 560 644 Tum
612 597 721 645 ille:
784 592 1142 659 ‘Naufragium
1194 593 1450 657 posuimus
1504 592 1558 640 in
1611 592 1812 640 modum

111 671 418 734 periculosae
461 670 769 732 natiuitatis,
815 670 869 717 in
909 685 1007 732 qua
1057 672 1107 717 et
1143 671 1423 716 maternum
1469 669 1545 715 est
1582 666 1812 729 pariendi

112 745 426 809 dispendium
463 746 543 793 uel
582 746 834 793 infantum
872 744 1106 792 nascendi
1145 744 1432 806 periculum.
1503 741 1563 789 In
1595 757 1695 804 qua
1726 758 1808 788 ne-

110 820 340 868 cessitate
381 819 730 868 uniuersaliter
766 820 1038 866 humanum
1079 818 1303 865 uoluitur
1343 832 1511 880 genus.
1581 816 1714 864 Nam
1753 818 1810 864 ut

110 893 389 942 euidentius
427 894 520 942 hoc
557 893 842 958 intellegas,
882 908 912 941 a
950 893 1161 955 Iunone⁷
1183 882 1328 954 'quae
1368 891 1460 939 dea
1498 891 1674 953 partus
1716 892 1804 953 est,
1832 906 1876 938 10

22 985 47 1005 ‹,
110 969 203 1017 hoc
233 968 550 1032 naufragium
582 970 859 1032 generatur.
920 967 1052 1015 Nam
1085 969 1135 1014 et
1165 967 1347 1015 Eolum
1383 965 1616 1026 inmittit3
1649 965 1804 1014 Eolus

111 1042 243 1091 enim
282 1042 432 1091 Grece
479 1043 623 1105 quasi
668 1043 891 1103 eonolus,
940 1041 994 1089 id
1033 1043 1108 1090 est
1146 1040 1331 1089 saeculi
1365 1039 1618 1101 interitus3
1665 1040 1795 1087 unde

112 1119 162 1165 et
185 1116 427 1165 Homerus
461 1117 555 1165 ait:
589 1114 830 1180 οὐλομένη
865 1114 980 1179 μετὰ
1012 1114 1163 1181 μυρία
1181 1111 1393 1179 Ἀχαιοῖς
1423 1106 1547 1179 ἄλγε’
1577 1111 1772 1163 ἔδωκεν.
1792 1099 1810 1172 Η

111 1191 243 1239 Nam
279 1191 391 1239 uide
426 1191 545 1253 quid
584 1191 735 1239 etiam
773 1190 881 1253 ipso
915 1190 1039 1238 Eolo
1079 1189 1415 1252 promittatur.
1476 1188 1700 1250 Deiopea
1738 1188 1898 1240 in749

111 1265 415 1328 coniugium3
454 1265 621 1314 demos
659 1265 789 1312 enim
822 1263 973 1312 Grece
1005 1263 1262 1327 puplicum
1294 1263 1502 1324 dicitur,-
1528 1262 1646 1324 iopa
1684 1279 1803 1311 uero
1830 1277 1872 1310 15

3 1349 112 1390 ,149
128 1339 259 1387 oculi
297 1340 378 1386 uel
415 1339 565 1402 uisio3
606 1355 721 1403 ergo
761 1338 1077 1387 nascentibus
1116 1338 1169 1385 in
1208 1338 1391 1385 mundo
1428 1332 1434 1401 Ι
1470 1337 1690 1385 seculare
1732 1339 1808 1386 est

111 1413 407 1475 periculum3
455 1413 533 1462 cui
572 1414 772 1476 quidem
817 1412 1135 1476 perfectionis
1180 1412 1382 1474 puplica
1422 1426 1452 1458 a
1492 1411 1583 1458 dea
1630 1414 1804 1473 partus

110 1487 422 1549 promittitur
466 1487 606 1536 uisio.
683 1488 815 1535 Nam
863 1490 912 1534 et
960 1503 1070 1535 cum
1116 1488 1306 1548 septem
1360 1485 1571 1534 nauibus
1620 1486 1803 1549 euadit,

109 1578 207 1624 quo
248 1562 536 1610 ostendatur
573 1564 832 1624 septenum
883 1560 1250 1610 arithmeticum
1290 1576 1550 1607 numerum
1589 1561 1800 1608 armoni-

116 1651 228 1683 cum
274 1651 377 1684 esse
423 1636 604 1698 partui.
683 1635 832 1684 Cuius
880 1635 1165 1696 formulam,
1222 1633 1265 1682 si
1313 1633 1531 1694 uidetur,
1585 1633 1804 1682 breuiter
1826 1649 1871 1680 20

110 1705 422 1772 explanabo'.
499 1709 591 1758 Cui
629 1725 742 1773 ego:
791 1708 1085 1757 Saturanter
1121 1709 1242 1757 haec
1294 1706 1540 1770 [inquam]
1584 1707 1636 1755 in
1675 1708 1801 1757 libro

230 1857 284 1895 13
315 1851 450 1896 Hom.
482 1851 533 1895 11.
565 1851 587 1894 Ι
619 1855 645 1895 2
678 1848 954 1914 (οὐλομένην
984 1849 1012 1907 ἣ
1046 1847 1188 1908 μυρία
1220 1886 1232 1897 .
1257 1855 1308 1897 .’.
1340 1849 1533 1907 ἔθηκεν)

229 2004 252 2043 1
286 1998 428 2044 libico
523 1999 627 2043 cibo
652 1999 753 2044 PR
764 1999 812 2042 D
867 1998 999 2043 cibus
1026 1998 1084 2043 H
1131 1997 1235 2043 ciuo
1268 1997 1370 2043 corr
1411 2011 1554 2041 curuo
1580 1998 1615 2042 I
1653 1967 1797 2042 libico

110 2060 202 2115 (al.
223 2069 280 2104 m.
313 2061 396 2115 em)
556 2057 715 2102 littore
740 2058 877 2103 PID
997 2063 1022 2101 2
1055 2057 1188 2101 uidet
1211 2058 1258 2102 R
1349 2059 1514 2101 acatae
1539 2057 1586 2102 R
1631 2057 1798 2100 achate

103 2134 141 2177 I
150 2133 195 2178 U
197 2132 282 2192 1)ss
369 2132 493 2177 nube
519 2134 740 2176 cauatum
764 2133 942 2188 aquata
958 2131 1016 2175 H
1108 2136 1134 2175 3
1161 2131 1398 2175 aduocant
1415 2131 1472 2175 H
1498 2119 1724 2175 aduocat⁹
1748 2131 1798 2175 D

166 2197 195 2235 4
227 2191 448 2248 cytharae
472 2191 530 2236 H
539 2192 584 2237 U
588 2192 639 2237 E
720 2205 882 2235 sonum
898 2191 1004 2235 RD
1036 2204 1151 2235 sonu
1176 2191 1221 2235 U
1325 2194 1351 2233 5
1376 2189 1608 2234 desiderio
1634 2189 1797 2234 audire

109 2251 152 2296 G
247 2255 302 2295 10
333 2250 450 2295 haec
474 2251 521 2295 P
557 2251 672 2304 haec
697 2251 746 2294 E
818 2249 1059 2307 intelligas
1094 2250 1138 2295 U
1142 2250 1193 2294 E
1288 2254 1341 2293 11
1377 2248 1453 2292 elfi
1484 2251 1717 2306 (suprascr
1747 2251 1797 2307 u)

104 2309 153 2354 P
194 2309 275 2353 ulfi
305 2312 390 2367 (em
415 2325 471 2354 m.
497 2311 575 2366 al.)
600 2310 650 2354 D
689 2309 795 2353 olefi
824 2309 867 2353 G
906 2307 982 2353 elfi
1008 2309 1052 2352 L
1091 2308 1232 2352 deulfi
1272 2310 1379 2365 (pro
1403 2310 1452 2352 et
1475 2307 1660 2365 Eolum)
1685 2308 1744 2352 H

107 2368 240 2412 eulus
281 2368 405 2413 enim
435 2370 480 2414 U
519 2368 638 2412 Eolfi
671 2374 750 2412 eni
772 2368 815 2412 L
966 2372 1021 2411 13
1053 2367 1277 2411 Ulomene
1319 2367 1572 2423 (uolumine
1599 2368 1646 2411 H
1702 2368 1795 2412 ole-

102 2441 238 2472 mene
271 2428 316 2473 U
351 2427 594 2472 uolomene
617 2429 758 2487 ΙΒβ)
804 2429 932 2471 meta
965 2427 1111 2483 (metu
1147 2426 1198 2484 [u
1222 2441 1278 2471 eoe
1302 2427 1349 2485 a]
1377 2427 1451 2483 H)
1500 2425 1638 2471 miria
1670 2426 1795 2472 aceis

103 2486 212 2544 alge
251 2487 401 2546 (alege
413 2488 477 2591 g)
519 2487 693 2531 edocen
732 2486 890 2544 (edoce
914 2486 964 2530 D
1005 2486 1182 2530 adocen
1206 2485 1266 2542 L)
1299 2502 1334 2529 ω
1490 2491 1544 2529 14
1585 2485 1676 2543 ipsi

103 2545 223 2591 Eulo
247 2546 412 2591 PRH
575 2545 808 2603 Deiopeae
841 2545 1110 2603 coniugium
1142 2546 1169 2604 β
1321 2550 1374 2588 15
1407 2544 1650 2602 puplicum
1724 2546 1787 2606 R1

104 2604 346 2662 publicum
378 2623 412 2649 ω
507 2604 616 2663 iopa
643 2605 742 2650 EG
785 2604 891 2662 cipa
922 2621 957 2648 ω
1081 2609 1134 2648 17
1167 2603 1443 2661 perfectioni
1468 2622 1502 2648 ω
1543 2604 1635 2649 -nis
1660 2605 1735 2650 He

103 2663 294 2722 puplica
325 2665 421 2710 PR
472 2664 697 2722 pubplica
727 2665 777 2709 D
828 2663 1020 2722 publica
1051 2680 1086 2706 ω
1249 2668 1302 2708 19
1346 2664 1601 2708 secundum
1649 2664 1793 2708 arith-

106 2722 328 2768 meticam
349 2738 473 2768 num.
500 2726 616 2780 sept.
642 2725 728 2769 edd
820 2724 939 2781 qloss
960 2737 1103 2779 supra
1135 2735 1333 2768 armon„-
1364 2723 1615 2768 coniuncti]
1647 2724 1693 2769 U
1695 2724 1794 2768 EL

168 2786 234 2826 20,
266 2782 517 2827 formulum
547 2783 644 2828 PR
818 2787 871 2826 21
921 2782 1171 2839 explanato
1208 2782 1313 2827 PH
1327 2783 1371 2828 U
1514 2783 1546 2826 h
1578 2796 1602 2826 c
1647 2782 1793 2839 inqua

105 2853 321 2898 suprascr
359 2843 404 2887 U
442 2842 560 2887 haec
591 2857 662 2887 om
692 2841 736 2886 L
780 2841 898 2886 huec
930 2842 976 2886 R
1022 2841 1073 2884 hi
1105 2842 1152 2885 et
1181 2840 1231 2885 D
1275 2841 1339 2885 hu
1364 2842 1402 2886 8⁶
1426 2843 1528 2887 PU
1594 2841 1637 2885 ic
1670 2843 1718 2886 et
1742 2842 1801 2887 H

109 2900 167 2954 cf.
195 2914 244 2956 p.
278 2903 356 2956 68,
377 2903 436 2945 21
541 2900 734 2956 inquam
765 2914 836 2946 om
861 2918 891 2944 α
