1976 3120
93 201 303 297 M'batur
341 251 556 299 dicebat:
595 251 732 298 Mida
771 268 856 299 rex
896 267 1038 299 aures
1071 251 1288 299 asininas
1321 252 1484 313 habet,
1523 252 1844 303 nihilominus
1867 203 1912 239 St

153 325 286 386 quod
341 342 399 372 ex
451 327 586 372 terra
641 328 933 387 conceperat
992 323 1231 387 [calamus
1272 324 1520 388 canebat].
1597 327 1739 376 Unde
1794 330 1846 376 et

152 398 414 447 Petronius
454 399 656 446 Arbiter
695 400 792 447 ait:

305 498 406 550 ‘Sic
447 503 706 551 commissa
745 518 920 550 uerens
960 504 1137 551 auidus
1176 519 1393 551 reserare
1433 504 1657 554 minister

106 593 130 627 5
302 577 430 626 fodit
467 578 671 624 humum
708 577 936 640 regisque
975 578 1187 626 latentes
1227 579 1446 640 prodidit
1485 594 1648 640 aures;

87 649 93 653 ’
302 651 526 713 concepit
564 667 680 698 nam
717 654 851 699 terra
891 667 1078 713 sonum⁷
1118 653 1396 714 calamique
1435 653 1692 715 loquentes

300 726 532 773 inuenere
571 725 759 772 Midam
799 726 996 788 qualem
1035 728 1327 788 conceperat
1365 723 1545 774 index?

158 123 228 175 74
762 125 1230 170 MITOLOGIARUM
1944 0 1976 209 ξ

1958 365 1970 410 ὶ

151 829 295 877 Nunc
347 845 461 891 ergo
517 829 661 876 huius
715 829 939 877 misticae
994 829 1193 877 fabulae
1249 830 1535 878 interiorem
1588 831 1843 880 cerebrum

151 903 473 965 inquiramus.
535 903 582 950 A
619 903 820 951 musicis
859 904 979 951 haec
1018 908 1213 965 reperta
1246 907 1320 952 est
1351 904 1535 967 fabula,
1575 908 1632 953 ut
1663 903 1840 954 Orfeus

76 991 128 1026 ἰο
151 977 204 1024 in
242 977 474 1040 teogonia
514 977 704 1036 scribit3
744 977 920 1025 musici
951 978 1080 1025 enim
1112 978 1236 1026 duos
1268 979 1390 1026 artis
1423 994 1539 1026 suae
1570 983 1842 1041 posuerunt

58 1063 154 1104 127
168 1051 386 1112 ordines,
433 1051 639 1098 tertium
676 1067 796 1099 uero
838 1052 980 1114 quasi
1020 1069 1078 1098 ex
1115 1052 1406 1100 necessitate
1446 1046 1744 1121 adicienltes‚
1783 1056 1841 1102 ut

151 1126 325 1173 Ermes
365 1125 715 1188 Trismegistus
763 1126 853 1186 ait,
904 1126 956 1172 id
995 1129 1090 1173 est:
1138 1126 1433 1188 adomenon,
1483 1127 1839 1190 psallomenom

153 1200 466 1261 aulumenon⁷
505 1200 597 1248 hoc
638 1202 732 1247 est:
773 1202 861 1247 aut
892 1199 1203 1248 cantantium
1234 1203 1322 1248 aut
1350 1196 1367 1265 ΙΙ
1398 1200 1822 1249 citharidiantium
1836 1213 1931 1255 728

154 1276 241 1321 aut
279 1273 606 1321 tibizantium.
683 1274 852 1322 Prima
892 1290 1008 1337 ergo
1049 1275 1123 1322 est
1162 1274 1283 1322 uiua
1320 1290 1438 1336 uox,
1490 1291 1616 1337 quae
1656 1275 1751 1323 sibi
1787 1275 1842 1323 in

85 1365 127 1398 15
154 1347 378 1396 omnibus
417 1348 616 1396 musicis
663 1348 1041 1396 necessitatibus
1082 1348 1336 1396 celerrima
1376 1348 1624 1410 subuenit3
1674 1351 1841 1412 potest

153 1422 285 1470 enim
339 1425 388 1470 et
441 1422 667 1470 limmata
721 1422 972 1486 subrigere
1028 1425 1077 1470 et
1130 1423 1395 1484 parallelos
1450 1423 1743 1472 concordare
1791 1426 1841 1472 et

152 1496 392 1545 distonias
437 1497 629 1543 mollire
678 1499 727 1544 et
766 1499 979 1559 ptongos
1016 1496 1188 1559 iugare
1229 1499 1278 1544 et
1325 1513 1499 1545 ornare
1540 1497 1839 1559 quilismata.

153 1569 392 1631 Sequitur
446 1570 658 1617 secunda
712 1570 922 1631 cithara3
986 1571 1212 1632 quamuis
1268 1571 1398 1618 enim
1453 1570 1511 1618 de
1564 1571 1640 1618 his
1693 1571 1838 1619 rebus

154 1660 275 1706 quas
307 1644 484 1691 musici
514 1644 747 1692 disafexis
780 1644 962 1706 dicunt,
996 1644 1122 1692 sicut
1152 1644 1432 1692 Mariandes
1464 1644 1648 1705 scribit,
1678 1645 1839 1693 multa

270 1842 298 1874 4
328 1830 514 1874 Petron.
545 1829 641 1874 ed.3
671 1828 928 1873 Buecheler
957 1829 1012 1872 fr.
1044 1828 1237 1872 XXVIII
1270 1833 1384 1874 6—9
1426 1832 1469 1886 (6
1503 1843 1639 1874 sonos
1673 1835 1697 1874 7
1730 1821 1862 1875 nar-¹

150 1891 340 1933 rauerat
371 1903 426 1933 ex
455 1890 598 1934 scheol.
633 1889 869 1947 Scaliyerz)

271 2043 296 2079 2
330 2036 536 2080 calamus
569 2036 771 2080 canebat
799 2037 921 2081 solus
944 2037 994 2080 E
1097 2041 1121 2079 7
1154 2036 1370 2080 inuenere
1402 2050 1566 2080 uocem
1589 2038 1718 2081 Barb
1766 2036 1836 2081 in-

149 2096 338 2140 cinuere
363 2096 552 2141 Salmas.
580 2096 773 2140 Palmer.
859 2097 1164 2152 conspexerat
1183 2097 1408 2140 Muneker
1505 2100 1531 2139 8
1556 2095 1783 2152 mysticae
1807 2098 1836 2156 β

209 2155 405 2199 interius
434 2156 638 2200 Gdeterr
803 2159 828 2198 9
861 2154 1059 2212 orpheus
1097 2155 1170 2213 Τβ
1320 2159 1375 2197 10
1405 2154 1658 2212 theogonia
1687 2155 1777 2199 TG

153 2214 341 2271 scripsit
370 2215 419 2258 D
541 2219 595 2257 12
627 2214 809 2258 hermes
843 2215 870 2273 β
960 2213 978 2257 i
1010 2214 1271 2257 adomenon
1300 2213 1622 2270 psallomenon
1655 2214 1673 2257 i
1703 2213 1835 2258 aulu-

148 2287 321 2318 menon
353 2274 399 2318 R
409 2274 472 2317 M
504 2289 533 2329 .s.
559 2273 820 2317 adomenon
877 2272 928 2327 ss·
956 2272 1280 2330 psallomenon
1306 2273 1373 2331 Μ·
1423 2273 1704 2317 aulumenon
1736 2274 1779 2318 T

150 2331 179 2387 ἢ
212 2331 456 2394 ᾀδομένων
487 2331 516 2388 ἢ
547 2331 852 2389 ψαλλομένων
876 2330 904 2388 ἢ
930 2331 1229 2387 αὐλουμένων
1252 2333 1339 2377 edd
1451 2337 1503 2374 13
1529 2331 1834 2376 citharidian-

149 2391 271 2435 tium
295 2393 435 2437 PRI
474 2391 860 2436 citharidantium
883 2392 947 2435 M
988 2391 1156 2434 —rizan-
1184 2409 1219 2434 ω
1342 2396 1397 2434 14
1428 2390 1540 2435 uiua
1570 2405 1662 2435 uox
1693 2393 1765 2435 est
1788 2391 1840 2436 E

151 2452 224 2494 est
247 2465 318 2495 om
343 2454 384 2492 (τ’
499 2456 552 2495 16
586 2451 710 2494 enim
742 2451 808 2508 et]
842 2452 890 2494 et
919 2465 990 2495 om
1013 2450 1113 2495 RG
1155 2449 1299 2494 etiam
1330 2451 1444 2494 etE
1529 2449 1755 2494 limenata
1779 2449 1843 2493 M

151 2509 319 2553 limata
342 2511 419 2569 Ρβ
466 2511 586 2554 schol
608 2510 637 2553 i.
664 2509 888 2553 emitonia
919 2513 1051 2553 sursfi
1083 2508 1259 2566 erigere
1288 2509 1330 2553 G
1373 2510 1495 2553 schol
1522 2507 1770 2552 semitonia
1787 2508 1839 2552 E

211 2570 260 2612 et
290 2574 395 2614 ante
425 2568 591 2625 parall.
623 2583 695 2612 om
725 2569 834 2613 DE
949 2583 1093 2625 supra
1133 2581 1231 2623 par.
1263 2569 1385 2612 schol
1422 2567 1610 2623 equales
1641 2569 1776 2611 tonos
1814 2567 1833 2610 1

152 2627 346 2671 sistema
380 2628 424 2672 G
545 2632 598 2670 17
633 2627 892 2671 diastonias
924 2629 952 2687 β
982 2627 1104 2672 schol
1133 2626 1293 2682 spacia
1326 2626 1370 2671 G
1399 2627 1519 2670 schol
1549 2625 1786 2670 diastonia
1814 2626 1834 2669 1

152 2685 295 2730 diesis
328 2692 352 2731 e
385 2686 547 2743 spacia
571 2685 725 2745 queda
758 2689 804 2730 et
829 2685 1129 2730 deductiones
1153 2684 1429 2728 modulandi
1460 2685 1554 2740 atq3
1586 2685 1832 2741 uergentes

152 2745 211 2789 de
257 2760 348 2789 uno
396 2745 446 2788 in
491 2745 642 2789 alteru
690 2750 805 2789 sonu
837 2746 889 2790 E
1001 2744 1232 2802 pthongos
1264 2744 1310 2788 R
1427 2757 1571 2800 supra
1610 2745 1832 2800 ptongos:

151 2807 286 2848 tonos
319 2804 348 2848 i.
389 2803 575 2849 &cordia
611 2803 654 2848 G-
787 2803 1072 2860 qualismata
1103 2803 1154 2847 Ε
1195 2804 1290 2847 add
1324 2803 1472 2846 schol.-
1509 2804 1678 2857 quarta
1722 2815 1832 2858 pars

151 2862 254 2907 toni
366 2862 586 2918 quilisma
610 2885 666 2900 =
690 2862 887 2919 κύλισμα
1052 2867 1105 2906 19
1154 2861 1382 2905 dixafexis
1417 2861 1458 2904 T
1567 2859 1833 2905 mariandes

153 2921 317 2966 scribit
340 2924 377 2966 I
379 2924 450 2980 M„
499 2921 659 2965 madia
691 2921 914 2966 describit
943 2922 994 2966 D
1038 2920 1220 2965 marian
1251 2919 1472 2964 describit
1502 2936 1537 2962 ω
1779 2938 1782 2941 ·
