1976 3120
258 79 368 131 174
865 83 949 127 DE
977 82 1315 128 AETATIBUS

188 155 238 187 H.

91 205 340 253 abestNFit
393 206 521 270 ouis,
580 207 741 271 magis
794 209 995 256 ouioula·
1047 209 1194 271 lupus
1245 224 1408 271 rapax.
1454 211 1504 258 et
1555 209 1649 258 ubi·
1694 210 1948 260 exultauit.

255 280 472 344 malitia,
527 282 910 345 superexuberat
960 284 1123 346 gratia
1177 285 1226 330 et
1280 298 1402 345 quos
1448 284 1667 347 meeptis
1711 284 1947 347 epistulis

256 354 564 404 cruciaturus
596 356 823 418 exquirit,
854 357 975 404 illos·
999 346 1342 405 exhortatoriis
1372 357 1692 419 postmodum
1710 358 1946 421 epistulis

256 427 437 478 docuit.
499 429 651 478 Ueete
684 431 806 478 fullo
839 430 990 479 deicit
1016 431 1252 479 Iacobum
1283 434 1333 478 et
1363 432 1591 493 quamuis
1621 447 1723 494 pror
1749 433 1943 495 populos

211 502 356 550 siam
394 519 652 565 percussus
686 505 916 566 orauerit,
955 505 1024 552 sic
1054 521 1144 567 pro
1174 505 1428 566 praestitis
1459 505 1669 554 aduersa
1699 506 1940 569 suscepitz

253 593 369 624 uere
415 578 542 627 fullo
579 578 762 626 Iudeus
801 579 936 640 apud
983 596 1130 641 quem
1173 579 1329 626 totius
1376 579 1652 628 sordiculas
1686 580 1943 629 resederat

254 652 495 700 cumulus.
574 651 742 700 Credit
778 652 1009 715 Philippo
1049 653 1373 715 Aethiopieus
1413 653 1571 715 spado·
1605 656 1656 702 et
1691 656 1946 718 purgatum·

252 724 552 787 baptismate
599 742 746 774 eursu
791 727 1039 790 garrulior
1082 727 1287 789 repedat
1331 743 1579 789 prospero.
1661 727 1788 776 fflue
1833 742 1942 776 ere*

254 799 479 848 dulitatis
527 816 585 848 ae
630 800 745 848 fidei
790 801 1006 864 gratiam
1042 804 1225 863 portat,
1262 801 1349 849 ubi
1384 801 1688 864 praedicatio
1725 817 1828 864 pro
1856 818 1935 851 αι·

179 881 241 922 48
253 866 519 940 trelmitate
559 874 690 923 orbis
727 875 985 936 peruolare
1026 875 1276 923 difficilius
1313 878 1526 937 poterat.
1585 875 1765 924 Petrus
1799 875 1946 939 apud.

186 963 228 994 11
252 947 424 995 umbem
470 949 754 997 deuoluitur
799 952 848 997 et
892 965 1068 1013 magus
1114 950 1316 999 uolueer
1360 950 1495 998 caelo
1542 950 1646 998 iam
1683 949 1945 1012 proximus»

253 1022 358 1070 sola
403 1038 546 1084 prece
592 1023 828 1085 iactatur,
884 1027 934 1071 et
986 1024 1104 1071 licet
1149 1024 1298 1071 semel
1344 1024 1608 1086 sepiusque
1659 1023 1938 1086 figuraliter

251 1097 594 1159 resurrexerit,
648 1113 768 1145 uero
820 1098 994 1146 mortis
1049 1113 1251 1147 occursu
1303 1098 1436 1145 ultra
1481 1097 1582 1145 iam
1627 1097 1936 1160 perpetuiter

249 1170 393 1231 perit.
469 1171 657 1219 Dorcas
701 1174 898 1219 mortua
935 1172 1160 1220 redditur
1196 1171 1358 1219 uiduis
1398 1173 1448 1219 et
1484 1171 1822 1219 misericordia
1857 1187 1939 1219 re-

185 1255 228 1289 15
251 1244 489 1292 surrectio
538 1245 752 1293 efficitur
788 1246 976 1294 mortis.
1051 1246 1315 1294 Patefaeta
1353 1245 1559 1293 carceris
1607 1246 1942 1293 claustrorum

249 1317 468 1380 ligatura
515 1319 837 1382 disrumpitur
882 1322 931 1367 et
976 1320 1158 1368 Petrus>
1198 1319 1408 1367 Herodis
1453 1319 1818 1381 IudeoruQue
1873 1318 1943 1367 de

250 1394 592 1454 exspectaculo
623 1394 875 1442 liberatur.
938 1393 1185 1456 Sapphira
1215 1409 1325 1442 eum
1355 1393 1465 1440 uiro
1496 1393 1789 1455 promissam
1818 1392 1940 1441 sub·-

248 1465 369 1528 ripit
406 1470 599 1529 partem
639 1471 687 1515 et
727 1468 844 1530 quia
880 1470 1044 1517 totum
1081 1468 1199 1515 dare
1237 1467 1472 1530 despexit,
1515 1483 1566 1515 se
1604 1467 1770 1528 ipsam>
1803 1481 1941 1529 quaet

249 1539 384 1587 furto
431 1541 508 1588 uti
553 1544 752 1603 poterat
795 1542 1024 1604 perdidit.
1100 1542 1203 1590 Uas
1240 1542 1417 1589 Petrus
1454 1541 1692 1589 refertum
1731 1556 1756 1588 e
1795 1540 1942 1590 euseb

182 1625 227 1658 20
251 1613 343 1660 sibi
391 1614 613 1663 delatum
666 1618 890 1678 aspectat
942 1616 1110 1664 uaria-s
1165 1616 1471 1664 saeculorum
1519 1615 1751 1677 apostolia:
1789 1629 1931 1676 prae-

248 1687 471 1735 biturum
502 1689 703 1737 delicias
736 1690 950 1751 dumque
981 1690 1148 1738 Iudeis
1179 1689 1430 1752 prohibita
1461 1689 1619 1736 soelus
1651 1703 1754 1736 esse
1783 1690 1937 1750 putat

250 1761 293 1809 si
331 1762 568 1825 comedat,
609 1763 750 1811 audit
786 1766 949 1811 totum
980 1763 1220 1811 catholieo
1251 1765 1523 1826 purgatum
1552 1777 1654 1810 esse
1688 1761 1941 1824 quidqffld.

247 1834 344 1882 Dei
373 1836 582 1900 largitas
614 1836 895 1900 gratialiter
924 1839 1255 1899 praerogaret.
1310 1835 1531 1884 Christus
1559 1835 1719 1898 igitur
1747 1837 1939 1898 purgat

250 1924 441 1971 semper
493 1911 664 1972 epulas
726 1911 827 1959 suis
883 1911 969 1973 qui
1028 1911 1182 1967 etiam,
1232 1910 1379 1959 corda
1431 1910 1634 1958 lauacro
1693 1908 1939 1972 purgauib

182 1994 225 2027 25
247 1982 576 2045 baptismatis.
652 1985 885 2033 Porreeta
923 1984 1061 2032 Petri
1100 1984 1300 2032 dextera
1339 1983 1540 2031 claudus
1583 1985 1717 2030 recto
1757 1997 1926 2046 gressu

366 2114 395 2152 4
425 2111 481 2164 cf.
514 2107 680 2154 Euseb.
713 2111 758 2156 h.
793 2124 829 2154 e.
862 2110 986 2154 1123
1151 2115 1174 2153 7
1208 2112 1264 2165 cf.
1299 2111 1386 2154 act.
1422 2110 1568 2166 apost.
1602 2113 1643 2165 8,
1670 2113 1729 2153 26
1751 2123 1851 2167 sqq.

250 2173 306 2211 14
329 2171 386 2224 ef.
411 2168 588 2213 ibidem
612 2176 652 2225 9,
670 2175 724 2213 36
826 2174 879 2213 15
904 2173 960 2224 cf.
987 2168 1163 2214 ibidem
1188 2174 1228 2225 5,
1256 2174 1309 2212 19
1336 2184 1434 2224 sqq.
1535 2173 1589 2212 17
1614 2168 1672 2224 cf.
1698 2166 1875 2212 ibidem
1897 2170 1935 2211 ὁ

308 2232 362 2271 19
394 2230 451 2280 ef.
484 2228 660 2273 ibidem
686 2234 755 2284 11,
781 2233 805 2272 5
831 2244 930 2284 sqq.
1082 2233 1138 2272 25
1169 2230 1227 2284 ef.
1261 2227 1436 2272 ibidem
1468 2231 1498 2270 3

366 2350 392 2389 1·
431 2346 532 2390 ouis
561 2348 603 2391 T
629 2362 700 2391 om
722 2364 756 2390 ω
860 2352 886 2390 2
920 2345 1331 2403 superexuberauit
1361 2346 1409 2388 et
1434 2346 1476 2389 T
1554 2343 1765 2401 epistolis
1788 2342 1929 2389 RST

305 2410 331 2448 3
365 2406 651 2450 cruciaturos
676 2407 820 2451 PTR
853 2408 935 2462 (em
957 2421 1012 2450 m.
1039 2407 1142 2462 rec)
1225 2407 1272 2449 et
1294 2403 1564 2448 hortatoriis
1589 2403 1634 2446 R
1712 2402 1923 2460 epistolis

245 2462 337 2509 RS
348 2465 387 2508 T
523 2470 548 2509 6
580 2465 651 2509 Ue
682 2466 717 2510 S
848 2469 872 2508 7
902 2465 1029 2521 pada
1059 2465 1106 2508 P
1241 2469 1296 2507 13
1329 2477 1496 2507 occasu
1527 2462 1604 2506 Ηο
1721 2461 1845 2507 ultro
1874 2460 1930 2507 Β

303 2526 525 2580 perpetue
557 2539 612 2568 ex
640 2524 926 2581 perpetuiter
955 2525 1015 2568 al.
1046 2538 1102 2568 m.
1130 2522 1176 2567 T
1312 2527 1366 2565 15
1396 2521 1634 2579 patefacto
1665 2537 1700 2564 ω
1747 2522 1818 2564 -ta
1848 2518 1924 2565 He

305 2595 489 2626 carcere
521 2583 604 2628 ST
719 2583 957 2640 patefacto
997 2581 1192 2626 carceris
1232 2582 1435 2625 elaustro
1473 2579 1759 2639 (em>rum.9.
1788 2578 1870 2624 He

248 2645 303 2684 16
352 2641 632 2698 dirumpitur
666 2642 702 2686 S
847 2642 906 2686 de
950 2640 1145 2685 Herodis
1192 2639 1479 2695 iudeorumq3
1528 2637 1791 2695 spectaculo
1829 2637 1867 2682 S

248 2704 303 2743 17
336 2700 538 2757 saphyra
562 2701 608 2744 R
654 2700 844 2757 saphira
868 2701 952 2746 ST
1059 2699 1160 2743 uiro
1191 2713 1264 2743 om
1286 2699 1321 2744 S
1445 2702 1499 2741 18
1530 2698 1663 2754 parte
1686 2697 1733 2740 P
1839 2695 1929 2752 qu‘r.

245 2759 347 2803 PR
417 2760 568 2803 totam
592 2759 629 2803 S
699 2760 871 2816 despei
895 2760 1006 2803 dare
1031 2759 1074 2803 T
1151 2757 1303 2815 ipsam
1326 2772 1386 2802 ex
1403 2756 1557 2813 ipsum
1579 2757 1618 2798 T
1705 2759 1762 2798 20
1784 2767 1925 2812 prae--

244 2817 427 2861 biturus
453 2818 545 2862 PR
588 2817 800 2874 §bituras
828 2820 870 2862 T
978 2821 1040 2861 22·
1065 2816 1286 2873 quiequid
1309 2815 1451 2861 RST
1568 2819 1625 2858 23
1654 2812 1926 2872 pmgarith

306 2882 362 2921 24
392 2876 633 2935 purgauit]
663 2877 888 2934 purgabit
911 2877 959 2921 R
967 2878 1008 2921 T
1048 2877 1218 2934 purgat
1243 2876 1279 2920 S
