1976 3120
6 44 26 129 ¹.

15 144 19 189 ,
857 115 1038 160 LIBER
1066 115 1110 159 II
1757 116 1830 170 55

4 225 16 231 -
72 198 127 233 11.
1851 192 1911 228 st.

15 248 19 259 ²
60 229 70 240 ⁸
109 235 458 301 'seminarium
504 243 726 293 scandali
772 245 821 292 et
874 241 1169 304 discordiae,
1225 241 1353 290 sicut
1403 244 1517 290 ante
1566 241 1791 304 diximuS,
1808 239 1823 275 ¹

0 293 23 376 5¹
138 317 208 370 ‘et
230 320 483 384 geminum
514 320 654 367 luctu
685 317 930 367 concussit
962 317 1190 365 adultera
1220 311 1495 364 mundum'.
1554 304 1810 366 Castorem¹
1822 331 1918 373 696

3 444 8 449 ,
132 410 257 444 -uero
289 397 339 443 et
362 394 615 442 Pollucem
646 392 789 456 quasi
823 391 875 439 in
907 390 1108 440 modum
1138 390 1428 453 perditionis
1459 394 1665 453 ponunt,
1696 392 1829 440 unde

4 481 15 529 ᾗ
138 472 188 519 et
219 469 270 517 in
300 468 429 517 mari
454 467 712 516 Castorum
744 467 887 531 signa
911 466 1141 514 dixerunt
1172 481 1298 528 quae
1330 464 1605 528 periculum
1636 469 1827 527 creant3

12 566 16 567 ⁷
60 554 123 599 95
138 560 255 592 nam
285 543 347 592 ob
370 543 497 591 hanc
521 558 625 590 rem
649 541 801 590 etiam
833 540 1002 589 ambos
1038 535 1044 604 Ι
1080 539 1366 588 alternatim
1395 555 1650 604 resurgere
1675 543 1826 604 atque
1852 558 1873 591 5

138 618 356 668 occidere
396 617 599 679 dicunt„
637 615 771 679 quod
810 614 1040 677 superbia
1085 630 1456 677 nonnumquam
1503 614 1660 678 iubet,
1708 631 1829 664 non-

0 728 2 737 ι
42 719 50 744 2
136 708 413 754 numquam
445 690 656 752 occidat3
697 689 824 738 unde
866 692 916 738 et
946 688 1221 751 iperefania
1254 687 1406 738 Grece
1447 688 1678 751 superbia
1710 690 1828 738 dici-

137 770 232 816 tur.
311 764 409 814 Sed
463 764 738 828 iperefania
793 764 991 827 proprie
1047 763 1443 826 superapparitio
1498 767 1830 827 nuncupatur,

137 840 274 904 quod
327 840 455 889 sicut
506 840 558 887 in
610 839 719 887 istis
767 838 956 887 duobus
1012 837 1164 901 signis
1220 854 1347 900 quae
1403 854 1573 887 eorum
1618 839 1832 887 fratrum

0 895 5 966 ¹
131 915 382 964 -uocabulo
422 916 834 976 nuncupauerunt
872 928 997 961 unus
1046 915 1455 975 superappareat,
1496 913 1624 961 alter
1663 908 1831 979 [uero]
1856 931 1901 964 10

135 992 346 1053 mergat,
386 988 513 1037 sicut
550 987 726 1036 lucifer
758 990 808 1035 et
847 987 1049 1049 antifer,
1089 1002 1206 1035 nam
1238 985 1390 1035 Grece
1423 987 1602 1035 Pollux
1638 1004 1732 1050 apo
1772 991 1833 1036 tu

140 1064 344 1127 apollin,
381 1063 434 1111 id
466 1065 540 1112 est
571 1078 600 1111 a
631 1061 878 1125 perdendo
914 1064 963 1110 et
989 1060 1164 1110 Castor
1195 1061 1339 1123 quasi
1378 1077 1528 1110 cacon
1560 1066 1740 1123 steron,
1779 1062 1833 1110 id

139 1140 216 1186 est
254 1138 441 1186 malum
480 1139 765 1186 extremum.
797 1132 813 1201 ΙΙ

635 1285 766 1333 XIV.
821 1284 1048 1332 Fabula
1087 1262 1352 1333 ixionis)
1829 1296 1927 1339 697

255 1374 350 1431 Qui
395 1375 506 1436 plus
553 1374 748 1437 quaerit
794 1390 897 1422 esse
946 1390 1095 1436 quam
1140 1374 1277 1435 licet,
1328 1374 1490 1422 minus
1537 1374 1632 1422 erit
1678 1390 1831 1437 quam
1856 1391 1899 1426 15

132 1452 230 1498 est.
292 1449 434 1498 Ixion
464 1448 620 1512 igitur
651 1448 934 1511 coniugium
965 1448 1168 1496 Iunonis
1202 1448 1495 1510 adsectatus,
1527 1449 1617 1496 illa
1649 1449 1831 1497 nubem

142 1523 340 1572 ornauit
376 1522 429 1570 in
461 1522 673 1585 speciem
705 1538 861 1583 suam,
902 1538 1014 1570 cum
1054 1538 1154 1585 qua
1186 1523 1327 1571 Ixion
1359 1522 1523 1571 coiens
1558 1522 1831 1572 Centauros

141 1597 326 1661 genuit.
406 1596 544 1645 Sicut
587 1596 712 1644 nihil
758 1596 939 1645 Latina
986 1597 1252 1660 gratiosius
1299 1596 1534 1659 ueritate,
1586 1597 1659 1646 ita
1706 1598 1832 1645 nihil

139 1669 300 1720 Greca
337 1671 558 1719 falsitate
599 1671 834 1720 ornatius.
903 1670 1132 1733 Denique
1172 1671 1394 1720 Ixionem
1425 1671 1523 1720 dici
1561 1672 1831 1721 uoluerunt

131 1745 284 1808 -quasi
314 1745 575 1808 Axionem3
617 1746 811 1794 axioma
848 1746 978 1793 enim
1018 1744 1170 1794 Grece
1210 1745 1428 1810 dignitas
1461 1746 1654 1794 dicitur.
1724 1747 1833 1795 Dea
1857 1765 1903 1797 so

130 1836 260 1868 uero
298 1835 564 1883 regnorum
593 1819 717 1868 Iuno
751 1822 838 1882 est,
878 1822 934 1868 ut
964 1819 1157 1882 pridem
1189 1819 1420 1881 diximus;
1463 1836 1579 1885 ergo
1613 1821 1832 1885 dignitas

261 1979 286 2019 2
317 1974 502 2033 Fragm.
534 1978 657 2034 poet.
683 1977 814 2020 Rom.
848 1975 918 2020 ed.
944 1975 1180 2020 Baehrens
1212 1992 1255 2034 p.
1283 1980 1383 2033 389,
1410 1981 1434 2020 2
1583 1982 1636 2021 15
1668 1992 1756 2035 sqq.
1791 1993 1831 2023 v.

140 2034 285 2091 myth.
317 2034 423 2079 Vat.
456 2035 478 2078 Ι
511 2039 566 2079 14
612 2035 655 2079 Π
688 2039 784 2080 106.
813 2039 896 2079 107
940 2034 1006 2079 ΠΙ
1037 2040 1079 2092 4,
1105 2040 1130 2079 6
1238 2041 1292 2079 21
1326 2050 1365 2080 v.
1397 2051 1442 2093 p.
1469 2041 1539 2093 38,
1568 2042 1622 2081 16
1842 2063 1845 2066 ⁴

264 2188 286 2227 1
321 2186 462 2229 antea
480 2185 521 2228 T
639 2187 664 2225 2
697 2182 935 2241 geminum
965 2183 1144 2228 luctum
1176 2201 1211 2228 ω
1251 2185 1438 2242 gemino
1472 2183 1602 2229 luctu
1635 2186 1775 2231 Marc

143 2242 406 2288 concuisset
428 2243 474 2288 R
523 2241 776 2287 concuissit
813 2256 1029 2301 suprascr
1060 2243 1125 2287 bu
1153 2244 1200 2287 P
1241 2243 1569 2288 concubuisset
1592 2245 1707 2290 MD
1754 2259 1833 2290 cu·

128 2301 324 2346 'buisset
344 2302 387 2347 (ἴ-
473 2301 646 2346 mundo
665 2301 722 2346 H
728 2300 770 2345 G
860 2301 1099 2360 geminum
1120 2301 1251 2346 luctu
1270 2329 1324 2335 ——
1343 2302 1569 2347 mundum
1592 2318 1651 2349 sc.
1669 2304 1835 2350 Asiam

143 2367 187 2406 et
218 2361 458 2418 Eumopam
489 2362 679 2407 Modius
829 2366 856 2405 3
889 2361 1024 2418 quasi
1056 2376 1127 2406 om
1160 2362 1203 2407 G
1354 2366 1380 2405 5
1413 2362 1473 2407 ab
1505 2362 1628 2407 hanc
1658 2377 1757 2408 rem
1786 2365 1833 2410 R

142 2420 205 2464 ab
237 2419 326 2464 hac
357 2434 406 2465 re
431 2420 488 2464 H
587 2420 647 2465 ob
678 2435 733 2465 ex
766 2420 826 2465 ab
857 2423 927 2477 eff.
952 2422 1043 2466 vid.
1065 2421 1107 2465 T
1236 2426 1262 2465 6
1294 2421 1426 2466 iuuet
1450 2421 1555 2466 DG
1597 2423 1835 2480 (rectene?)

143 2478 279 2524 uiuat
298 2480 339 2524 T
366 2479 489 2524 uiret
506 2480 569 2539 E,
605 2478 736 2524 iubet
758 2496 794 2523 ω
826 2481 973 2526 deterr
997 2482 1160 2538 surgat
1175 2479 1311 2526 Marc
1406 2485 1430 2524 7
1456 2480 1706 2539 iperifania
1729 2483 1836 2529 DG-

143 2538 432 2596 iperefanma
450 2539 507 2583 H
531 2538 802 2596 yperefania
826 2540 866 2584 T
952 2544 978 2583 8
1004 2539 1086 2584 sed
1111 2541 1159 2584 et
1182 2540 1222 2583 T
1293 2539 1476 2599 ipsania
1501 2541 1558 2585 H
1581 2541 1835 2599 iperifania

140 2597 247 2644 1)ίῖ-
338 2603 364 2642 9
398 2597 519 2642 sicut
541 2599 677 2644 omE
767 2603 821 2642 10
855 2598 1003 2644 altero
1035 2598 1172 2656 (alter
1199 2599 1276 2657 M)
1324 2602 1459 2658 ergat
1490 2601 1559 2659 (in
1589 2603 1835 2661 archetypo

144 2671 527 2745 alterfimergatP)
555 2687 675 2746 oe[H
677 2687 745 2747 D]
793 2687 915 2733 alter
944 2690 1128 2746 mergat
1152 2688 1279 2734 Bern
1304 2688 1422 2733 alter
1445 2702 1528 2734 uer
1563 2692 1614 2735 at
1630 2691 1679 2734 D
1712 2690 1835 2736 alter

146 2759 256 2790 uero
280 2748 448 2803 uergat
472 2746 641 2805 (erigat
665 2747 739 2804 H)
765 2747 819 2791 H
825 2749 852 2807 β
969 2753 1021 2791 12
1056 2746 1216 2805 apolin
1232 2748 1289 2793 Η
1296 2749 1339 2794 G
1368 2747 1529 2793 ΑΡΟΤ
1578 2749 1834 2795 LPOLLIN

146 2803 199 2848 E
282 2805 603 2851 caconsterion
619 2807 664 2851 P
690 2808 933 2852 caEsteron
961 2808 1003 2852 G
1033 2808 1304 2852 cacosteron
1321 2809 1371 2853 E
1391 2830 1446 2845 =
1464 2809 1612 2853 κακὸν
1635 2807 1830 2866 ὕστερον

209 2867 263 2907 16
293 2863 534 2909 adfectans
553 2865 610 2910 H
635 2865 859 2910 affectans
880 2866 923 2911 G
954 2871 978 2910 ἓ·
1002 2880 1218 2923 suprascr
1246 2867 1288 2910 T
1403 2872 1459 2911 20
1493 2867 1728 2913 acsionem
1744 2885 1776 2912 α
1791 2870 1834 2915 G

207 2921 412 2967 acsioma
436 2919 568 2982 oe[H]
601 2924 760 2969 acsion
779 2925 836 2969 H
876 2925 1065 2970 acsiona
1096 2926 1205 2985 GT,
1251 2929 1398 2984 (erasa
1429 2928 1562 2973 hasta
1593 2934 1698 2974 ante
1720 2932 1770 2984 n)
