1976 3120
695 110 897 157 MUNDI
920 111 999 156 ET
1029 110 1286 158 HOMINIS
1730 112 1836 165 153

1861 189 1915 222 Η

152 239 239 288 sed
275 238 448 300 utique
483 237 679 301 quaerit
711 237 865 287 bonos
897 254 987 301 pro
1019 253 1086 300 se,
1125 236 1271 301 punit
1301 237 1459 287 malos
1490 253 1581 300 pro
1615 253 1686 298 se;
1725 255 1842 286 nam
1861 250 1976 282 aben

149 315 209 362 ut
254 311 473 361 euidenti
524 329 690 360 rerum
735 312 1138 362 manifestatione
1187 311 1485 374 consideres,
1540 314 1715 374 potens
1772 316 1847 361 est

149 386 246 436 in.
347 387 627 437 .malorum
656 386 805 436 finem
836 387 1080 436 secundae
1111 386 1285 435 mortis
1315 386 1575 449 punitione
1607 386 1843 435 damnare

156 463 207 510 et
252 461 493 510 bonorum
538 461 863 509 inmerentem
910 461 1096 509 exitum
1142 463 1410 524 perpetuae
1456 460 1592 509 uitae
1640 476 1851 510 commo-

156 535 314 584 ditate
346 535 519 583 ditare.
581 535 810 598 Denique
843 551 985 584 cerne
1018 536 1154 598 quod
1193 535 1419 598 quamuis
1450 536 1852 584 testamentalem
1898 554 1920 588 5

157 625 323 659 arcam
360 610 467 672 ipse
502 609 796 672 captiuitate
829 610 1157 673 damnauerit,
1195 610 1437 659 ultionem
1467 612 1636 658 tamen
1667 625 1851 672 nequa-

159 700 310 747 quam
354 684 409 732 in
458 684 934 733 contaminatoribus
985 685 1300 747 temper-anit.
1384 683 1534 733 Inicit
1577 677 1851 751 poldicibus
1863 699 1929 741 26

154 759 403 807 tumentia
456 759 688 821 uulnera,
743 760 915 808 ulcera
967 759 1245 821 putredinis
1292 759 1565 807 uirulentia
1617 758 1851 807 toxicata.

153 832 427 881 Redibetur
462 849 575 881 cum
604 834 826 895 praemio
858 833 1052 882 facinus
1086 836 1136 882 et
1166 833 1380 882 uictoria
1412 833 1711 882 aduersariis
1750 834 1854 882 leta

154 907 363 970 poenale
409 907 468 954 fit
517 907 690 956 scelus.
770 907 952 957 Carent
997 908 1363 957 tormentaliter
1400 908 1679 956 heiulantes
1720 908 1854 970 quod
1878 931 1922 963 10

154 981 276 1030 laeti
306 981 600 1030 inuaserant
630 983 948 1032 triumfantes
982 985 1032 1030 et
1061 983 1188 1030 illud
1218 983 1349 1045 quod
1372 982 1648 1045 putabatur
1671 998 1852 1031 corona

157 1055 424 1118 uictoriae,
469 1058 781 1106 tormentalis
820 1058 948 1107 ultio
996 1058 1130 1106 facta
1171 1059 1246 1105 est
1282 1073 1494 1120 poenae3
1542 1057 1740 1119 quaerit
1777 1073 1851 1105 re-

155 1130 394 1193 medium,
451 1146 550 1192 quo
603 1130 713 1180 iure
771 1133 904 1195 quod
957 1132 1148 1180 uicerat
1202 1135 1390 1194 careat,
1447 1133 1498 1181 et
1549 1133 1854 1181 tormentum

155 1205 316 1267 putat,
352 1204 395 1253 si
425 1205 679 1267 possideat
710 1206 844 1269 quod
876 1207 1158 1269 praedarat.
1220 1206 1324 1254 Dat
1355 1207 1521 1255 dotem
1552 1221 1640 1255 suo
1673 1206 1853 1255 damno

155 1278 343 1327 uitulas
376 1295 489 1327 cum
527 1280 774 1342 uehiculo,
817 1282 1002 1330 format
1033 1297 1092 1329 ex
1124 1297 1245 1330 auro
1278 1283 1328 1328 et
1365 1297 1579 1343 poenam
1611 1283 1661 1329 et
1690 1281 1855 1329 locum
1878 1303 1922 1337 15

157 1354 208 1402 et
247 1368 364 1401 suae
410 1354 652 1403 uictoriae
692 1355 919 1404 cruciatu
968 1358 1164 1403 staurat
1201 1355 1474 1403 interitum.
1551 1355 1702 1404 Redit
1740 1370 1855 1403 arca

157 1427 476 1490 pereuntibus
539 1429 838 1478 aduersariis
907 1445 1034 1492 quae
1096 1429 1315 1492 perierat
1376 1429 1666 1478 cadentibus
1737 1429 1853 1477 suis.

160 1500 332 1558 Qualis
379 1503 431 1549 in
470 1502 575 1551 Deo
615 1503 691 1551 ira
731 1519 860 1566 quae
901 1521 991 1553 nec
1029 1503 1125 1552 sibi
1162 1504 1398 1567 pepercit,
1441 1504 1604 1567 qualis
1643 1503 1855 1552 uictoria

160 1591 288 1638 quae
326 1578 563 1626 nonnullo
604 1580 720 1626 ante
759 1578 1074 1640 triumphans
1115 1578 1175 1626 de
1214 1578 1437 1627 hostibus
1477 1579 1619 1626 redit.
1700 1577 1854 1626 Cerne

0 1655 30 1666 “’
76 1679 80 1682 -
157 1650 332 1712 itaque
371 1653 614 1699 secretum
651 1652 746 1700 Dei
784 1652 1045 1713 iudicium3
1093 1653 1174 1701 hic
1215 1653 1421 1715 puerilis
1461 1653 1742 1701 adfectatur
1779 1652 1853 1699 in-
1880 1675 1923 1707 20

157 1724 339 1786 santia,
387 1725 491 1774 illic
530 1726 697 1774 senilis
738 1726 1007 1775 damnatur
1046 1727 1292 1787 socordia3
1339 1727 1420 1775 hic
1459 1744 1485 1775 e
1526 1743 1696 1776 somno
1735 1726 1854 1774 Heli

159 1797 352 1847 elicitus
390 1800 595 1848 nuntius
635 1801 1025 1863 praemandatur
1064 1803 1114 1849 et
1145 1801 1371 1857 sacerdos
1403 1802 1728 1864 promittitur,
1767 1801 1853 1849 1110

159 1875 360 1936 accepto
407 1874 582 1922 nuntio
631 1875 868 1924 exanimis
917 1892 976 1924 ex
1023 1875 1258 1924 cathedra
1304 1876 1604 1938 propellitur
1650 1878 1700 1924 et
1748 1876 1854 1924 eius

157 1947 425 2010 posteritas
478 1950 684 2010 perenni
739 1950 1015 1998 sacerdotio
1069 1951 1368 2012 repulsatur.
1461 1950 1626 1999 Huius
1680 1950 1854 2012 itaque

158 2021 418 2071 uniuersos
448 2024 686 2085 temporis
721 2023 915 2072 ordines
949 2025 1090 2087 sequi
1119 2025 1266 2073 ualde
1298 2025 1547 2086 prolixum
1580 2027 1666 2072 est.
1727 2023 1855 2081 Quid
1878 2045 1922 2078 25

160 2095 291 2145 enim
328 2112 595 2146 memorem
640 2100 747 2146 tam
793 2098 1065 2147 flexuosam
1102 2115 1269 2147 rerum
1308 2099 1662 2148 obuolutarum
1699 2099 1852 2148 histo-

278 2206 304 2247 5
328 2216 418 2260 sqq.
451 2203 507 2258 cf.
539 2202 562 2245 Ι
586 2202 710 2247 Sam.
735 2207 776 2247 4.
803 2206 843 2247 5.
870 2207 895 2246 6
1033 2207 1087 2246 21
1113 2217 1204 2261 sqq.
1237 2204 1295 2259 cf.
1327 2203 1349 2247 I
1373 2204 1495 2248 Sam.
1524 2208 1550 2246 3

281 2303 304 2342 1
336 2312 420 2356 pro
451 2299 500 2342 te
531 2315 567 2342 ω
612 2313 696 2356 pro
738 2312 787 2343 se
817 2300 861 2343 h.
893 2313 927 2344 e.
961 2300 1166 2356 ipsorum
1202 2313 1343 2344 causa
1369 2300 1443 2344 He
1588 2304 1614 2343 3
1646 2299 1696 2343 in
1726 2314 1797 2345 om
1822 2300 1859 2346 S

158 2359 379 2416 reliquias
409 2371 498 2402 esse
530 2364 644 2414 puto
676 2359 892 2403 adiectivi
1012 2358 1268 2415 dampnare
1300 2358 1392 2404 RS
1538 2364 1568 2403 4
1599 2357 1855 2404 inmentem

160 2419 219 2477 P1
323 2415 657 2461 commoditare
682 2417 739 2476 P
859 2422 885 2461 5
916 2417 990 2461 uis
1022 2432 1094 2463 om
1117 2419 1164 2462 P
1274 2423 1299 2461 6
1333 2417 1523 2462 archam
1550 2418 1586 2463 S
1677 2418 1853 2477 dapna·

160 2521 284 2566 uerit
308 2521 344 2566 S
459 2524 486 2564 8
517 2520 622 2565 ulce
653 2521 748 2566 PR
794 2521 926 2566 ulcus
951 2521 989 2566 S
1008 2536 1074 2566 em
1099 2523 1173 2568 He
1204 2538 1267 2567 an
1298 2528 1447 2568 ortum
1477 2538 1534 2568 ex
1563 2477 1795 2569 uflissssra?

163 2585 220 2625 10
244 2581 413 2625 'carent
444 2593 498 2624 eo
523 2579 561 2624 S
644 2579 927 2626 hieiulantes
951 2581 998 2625 P
1025 2581 1256 2626 eiulantes
1282 2581 1319 2626 S
1422 2586 1474 2626 11
1509 2583 1854 2641 triumphantes

163 2683 255 2730 RS
334 2696 532 2729 coronae
555 2685 601 2728 P
697 2689 752 2728 13
780 2641 906 2697 qUOd
935 2668 1116 2739 uiceret
1137 2685 1184 2728 P
1210 2686 1282 2742 (m.
1315 2700 1400 2731 rec.
1425 2688 1508 2742 em)
1632 2690 1688 2730 14
1718 2699 1853 2743 prae-

165 2757 302 2803 datus
334 2756 490 2802 fuerat
513 2757 549 2803 S
658 2758 718 2802 da
751 2699 874 2806 no}
992 2762 1046 2800 15
1078 2755 1239 2802 uitalis
1265 2758 1322 2818 Ρ
1452 2764 1505 2802 16
1540 2759 1681 2804 archa
1705 2761 1797 2805 RS

167 2820 222 2860 19
266 2816 396 2861 1111110
429 2816 525 2861 PR
571 2814 622 2859 in
667 2832 699 2861 n
771 2831 797 2862 0
830 2819 867 2864 S
906 2815 1069 2860 nnullo
1103 2816 1178 2860 He
1357 2822 1410 2862 21
1455 2818 1577 2862 dnar
1619 2821 1689 2876 (i‘n
1725 2834 1856 2877 marg]

167 2875 227 2919 da
227 2874 368 2933 pna‘r)
393 2875 428 2920 S
502 2874 611 2919 Heli
641 2877 823 2922 dativus
854 2881 938 2922 aut
968 2876 1205 2921 delendum
1295 2881 1351 2920 22
1383 2876 1484 2921 11110
1509 2878 1545 2923 S
1631 2883 1689 2921 24
1721 2892 1855 2935 repu-

165 2935 294 2979 tatur
316 2934 412 2980 PR
457 2934 731 2990 repudiatur
754 2936 791 2981 S
830 2934 1133 2994 repulsatur?
1157 2935 1231 2980 He
