1976 3120
238 74 347 142 184
795 91 988 135 SUPER
1017 91 1368 136 THEBAJDEN

234 216 376 263 dana.
457 215 546 264 Oui
591 218 682 265 1100
729 233 907 264 nomen
944 217 1187 264 Adrastus
1230 233 1329 264 non
1365 217 1633 282 incongrue
1672 220 1917 269 conuenit.
1968 272 1970 275 ,

232 290 412 338 Adrios
453 290 585 338 enim
626 290 777 338 Grece
815 290 1126 352 profunditas
1165 290 1363 351 Latine3
1402 292 1531 339 unde
1567 309 1702 342 mare
1732 294 1910 342 Adria·

232 364 387 412 ticum
418 364 597 412 dicitur
626 365 679 411 id
711 367 785 412 est
815 364 1126 426 profundum.
1180 365 1357 412 Merito
1390 365 1561 427 itaque
1591 367 1684 415 1100
1712 368 1910 416 nomine

187 462 197 468 =
234 438 366 500 quod
423 442 498 487 est
549 439 792 486 Adrastus
848 437 1160 500 philosophia
1223 438 1547 502 significatur,
1609 441 1748 490 cuius
1799 456 1913 504 pro-

188 528 210 562 5
234 512 454 561 funditas
493 513 630 560 nullo
669 512 949 574 philosophi
986 512 1204 559 funiculo
1242 529 1479 574 umquam
1519 514 1699 578 attingi
1734 516 1917 577 potnit.

231 586 392 634 Huius
437 586 542 633 filia
589 589 664 634 est
710 586 867 649 Argia
910 585 963 632 id
1009 588 1083 633 est
1129 586 1455 647 prouidentia.
1531 588 1720 651 Argeos
1760 588 1911 638 Grece

232 660 547 722 prouidentia
601 659 801 720 Latine3
862 659 991 706 unde
1047 659 1191 708 Greci
1244 660 1474 708 dicuntur
1524 662 1673 726 Argi,
1732 663 1786 710 id
1841 665 1920 711 est

233 734 450 796 prouidi3
489 734 618 781 unde
656 733 893 781 Iunonius
932 735 1104 795 pastor
1148 734 1200 781 id
1239 737 1314 782 est
1350 734 1515 798 Argus
1554 735 1734 784 dicitur
1772 736 1917 799 quasi

231 809 466 870 prouidus
514 808 646 870 quod
698 808 804 870 ipse
849 810 998 869 poeta
1043 808 1207 855 innuit
1253 809 1437 856 dicens:
1492 804 1721 858 ‘Centum
1771 811 1916 858 lumi-

167 900 211 932 10
233 883 378 930 nibus
414 882 629 930 cinctum
660 885 805 944 caput
833 882 998 945 Argus
1029 878 1277 943 habebat’,
1317 887 1463 944 caput
1498 883 1550 930 id
1589 886 1664 932 est
1699 887 1918 932 mentem

234 972 361 1018 quae
401 959 476 1004 est
515 956 830 1004 excellentior
866 971 981 1018 pars
1019 956 1071 1003 in
1109 956 1305 1005 homine
1343 960 1400 1004 ut
1439 961 1587 1019 caput
1614 957 1667 1005 in
1698 971 1914 1020 corpore.

231 1030 384 1078 Ducit
420 1030 590 1092 itaque
630 1030 838 1094 Argiam
875 1030 1032 1076 filiam
1068 1030 1300 1092 Adrasti,
1346 1030 1398 1078 id
1436 1034 1511 1079 est
1553 1031 1920 1093 prouidentiam

232 1104 388 1151 filiam
443 1104 752 1166 filosophiae,
809 1106 858 1151 et
910 1104 1051 1152 finito
1107 1119 1234 1152 anno
1289 1105 1390 1151 iam
1440 1105 1680 1153 saeculari
1733 1105 1921 1154 astutia

233 1178 494 1226 roboratus
549 1195 756 1241 regnum
809 1193 839 1225 a
892 1177 1046 1225 fratre
1099 1178 1293 1240 repetit.
1380 1177 1475 1226 Sed
1527 1179 1613 1226 1110
1665 1181 1817 1243 negat
1869 1181 1922 1227 et

168 1269 210 1302 15
235 1252 481 1300 auaritiae
504 1252 667 1300 uerbis
693 1251 814 1300 satis
839 1252 1093 1300 euidenter
1106 1253 1267 1299 utitur
1283 1252 1468 1300 dicens:
1490 1248 1672 1301 ‘Teneo
1694 1254 1918 1317 longum-

235 1343 330 1388 que
377 1322 589 1374 tenebo’.
668 1325 867 1388 Septem
904 1342 1043 1389 reges
1086 1324 1287 1373 Greciae
1325 1326 1377 1373 in
1419 1327 1608 1374 ultione
1647 1327 1919 1375 coniurant.

231 1400 300 1447 Hi
346 1403 537 1462 septem
582 1415 721 1464 reges
769 1402 958 1462 septem
1005 1403 1135 1447 artes
1190 1399 1418 1448 liberales
1465 1403 1602 1463 sunt,
1658 1401 1742 1463 qui
1793 1401 1918 1449 bene

231 1490 371 1538 reges
420 1475 653 1522 dicuntur
700 1475 817 1536 quia
872 1476 986 1522 sunt
1030 1474 1250 1537 regimen
1296 1477 1347 1521 et
1393 1475 1646 1523 columnae
1700 1475 1921 1523 omnim

235 1548 572 1608 scientiarum3
635 1548 843 1596 subsunt
903 1548 1053 1596 etiam
1105 1547 1320 1596 Adrasto
1380 1548 1432 1596 id
1486 1551 1561 1597 est
1612 1548 1917 1611 filosophiae.

166 1634 210 1671 2‘0
235 1622 425 1670 Thebas
465 1625 655 1684 petunt,
695 1622 780 1670 sed
816 1622 870 1669 in
907 1622 991 1669 uia
1031 1621 1221 1670 sitiunt.
1284 1621 1411 1678 Quid
1448 1622 1628 1669 mirum
1667 1622 1710 1670 81
1741 1622 1920 1670 sitiunt

235 1695 320 1757 qui
373 1696 509 1744 fonte
562 1695 677 1743 fidei
732 1698 922 1756 carent,
977 1695 1243 1743 saecularis
1300 1695 1533 1743 scientiae
1583 1698 1730 1757 potus
1780 1695 1918 1744 sitim

231 1785 331 1817 non
384 1769 584 1830 minuit,
639 1769 724 1816 sed
778 1771 939 1832 auget.
1033 1769 1220 1816 Sitiunt
1270 1769 1495 1831 inquam,
1558 1770 1642 1817 sed
1694 1769 1917 1818 sitientes

233 1843 478 1891 ducuntur
518 1843 579 1890 ab
614 1842 853 1904 Ipsiphile
891 1842 955 1890 ad
992 1842 1194 1890 sontem.
1255 1842 1347 1890 Isis
1387 1843 1484 1890 fuit
1519 1843 1788 1905 praecipua
1825 1843 1919 1892 dea

233 1917 285 1964 in
323 1917 522 1980 Egipto,
568 1917 730 1978 philos
771 1916 952 1964 dicitur
991 1931 1142 1978 amor,
1187 1915 1300 1963 inde
1338 1916 1541 1978 Isiphile
1580 1932 1719 1966 amor
1755 1916 1918 1980 Isidis,

167 2008 210 2041 25
233 1991 285 2038 id
340 1993 414 2038 est
473 1990 728 2052 idolatria,
793 2006 922 2052 quae
977 1989 1114 2037 ducit
1166 1990 1230 2037 ad
1288 1990 1476 2038 fontem
1529 2006 1671 2038 suum
1724 2006 1920 2038 omnem

231 2065 480 2112 hominem
533 2064 865 2112 saecularibus
919 2064 1136 2111 scientiis
1194 2061 1303 2126 [pro
1350 2061 1724 2126 temporalibus]
1782 2064 1918 2112 insu-

234 2139 446 2186 dantem
511 2138 607 2186 Sed
638 2139 962 2200 dampnosum
994 2140 1068 2185 est
1097 2137 1212 2185 111110
1243 2138 1451 2186 subesse.
1515 2136 1766 2186 Occiditur
1789 2137 1921 2185 enim

231 2212 561 2260 Archemorus
595 2228 624 2260 a
656 2215 893 2295 serpente.
951 2211 1170 2268 Quilibet
1193 2212 1423 2259 alumnus
1455 2212 1716 2260 idolatriae
1736 2211 1919 2260 Arche-

231 2301 397 2334 morus
450 2289 616 2348 potest
660 2286 851 2347 uocari,
905 2285 956 2332 id
1003 2288 1077 2333 est
1122 2285 1465 2347 principaliter
1508 2289 1739 2334 mortuus.
1823 2283 1919 2342 0111

352 2432 377 2471 8
410 2429 467 2483 cf.
503 2427 582 2472 Ov.
607 2429 794 2471 metam.
829 2426 898 2470 ed.
926 2425 1062 2470 Riese
1092 2426 1114 2468 I
1138 2429 1236 2469 675.
1270 2430 1354 2470 677
1502 2431 1527 2470 9
1561 2425 1690 2470 Ovid.
1723 2426 1900 2470 metam

232 2485 254 2528 Ι
279 2491 364 2529 624
510 2492 563 2530 15
597 2486 715 2530 Stat.
743 2485 885 2529 Theb.
914 2485 956 2527 Π
980 2489 1066 2528 429

354 2623 379 2661 2
410 2617 705 2675 profunditus
731 2619 802 2675 Py
959 2622 984 2661 5
1015 2617 1143 2661 nullo
1182 2631 1237 2661 ex
1273 2616 1393 2660 nulli
1423 2617 1521 2661 ead.
1546 2632 1602 2661 m.
1627 2616 1696 2661 Pr
1737 2614 1913 2660 nullius

232 2678 305 2735 Py
386 2677 561 2721 funiclo
593 2692 649 2721 ex
677 2676 851 2721 faniclo
882 2677 1139 2722 rubricator
1155 2676 1201 2720 P
1294 2680 1319 2718 6
1353 2680 1521 2733 ar—gens
1539 2676 1612 2733 Py
1715 2678 1770 2717 10
1793 2678 1836 2719 et
1859 2678 1914 2718 11

233 2735 377 2792 capd
399 2736 446 2779 P
569 2740 623 2778 13
654 2735 772 2779 filito
804 2737 888 2792 (em
918 2737 1016 2780 ead.
1039 2737 1116 2791 m.)
1141 2735 1188 2778 P
1311 2738 1365 2777 17
1396 2734 1466 2779 1111
1490 2734 1536 2777 P
1650 2737 1704 2776 22
1735 2732 1919 2777 minuet

232 2824 306 2881 Py
447 2829 502 2867 26
534 2825 749 2881 ylossema
780 2825 852 2868 del
876 2824 951 2868 He
1093 2827 1148 2866 28
1181 2822 1381 2879 alupnus
1412 2807 1569 2867 idola}
1593 2822 1639 2865 P
1658 2836 1724 2866 em
1747 2822 1822 2866 He

236 2887 292 2927 29
323 2884 531 2926 mortuus
556 2884 657 2927 coni
680 2883 753 2927 Ro
785 2882 943 2926 uocari
974 2883 1092 2937 falso
1123 2884 1284 2938 repetit
1305 2882 1351 2924 P
1888 2903 1900 2907 ··
