1976 3120
713 116 1053 162 PRAEFATIO
1620 118 1726 163 XIII

50 246 208 307 1051,
254 243 343 307 qui
389 259 516 306 quae
565 243 628 292 ad
673 243 914 292 musicam
958 242 1207 306 pertinent
1245 242 1438 290 fabulas
1477 243 1606 291 solas
1647 259 1724 290 ex-

45 319 229 382 cerpsit
264 318 291 366 I
317 319 400 379 15,
438 318 515 365 III
541 321 588 379 9,
616 319 697 367 10.

156 436 535 501 Uirgilianae
582 435 994 485 continentiae
1040 435 1115 483 his
1162 450 1280 483 usus
1327 450 1438 483 sum
1477 433 1724 482 codicibus

46 510 108 559 de
168 510 344 573 quibus
405 526 554 574 supra
613 509 738 558 dixi:
799 509 1030 558 Palatino
1073 510 1212 557 1578
1275 507 1543 572 Reginensi
1584 509 1722 556 1462
1751 512 1846 557 PR

45 584 316 650 Reginensi-
342 585 447 634 208
502 584 770 632 Harleiano
805 584 946 632 2685
1003 582 1228 632 Gudiano
1263 584 1392 645 333,
1461 582 1727 646 Reginensi
1750 587 1786 630 Ι
1789 586 1844 630 Η
1848 587 1955 631 DE

50 660 190 708 1567
239 656 464 707 Gudiano
498 660 599 707 331
653 658 895 707 Uossiano
927 657 1157 706 Leidensi
1189 659 1282 718 96,
1333 657 1572 705 Bernensi
1604 658 1727 718 427,
1753 661 1976 706 GLBerv

44 731 318 782 Bai-berino
349 732 468 780 XVI
502 733 566 780 76
602 747 726 781 saec.
757 732 858 780 fere
890 731 1007 780 XVI
1039 732 1125 794 qui
1163 731 1443 780 simillimus
1477 734 1551 779 est
1581 731 1729 779 alteri
1752 735 1881 780 Barb

48 806 342 867 Barberin03
383 807 446 854 ad
485 822 605 869 quos
645 806 832 855 accedit
871 823 1020 869 quem
1058 805 1248 855 contuli
1285 805 1471 854 Romae
1509 805 1725 854 melioris

45 881 238 946 generis
275 880 424 930 codex
454 881 711 929 Palatinus
742 880 858 929 Uat.
888 882 1026 929 1579
1061 895 1184 928 saec.
1209 879 1269 941 X,
1301 880 1386 942 qui
1426 895 1728 942 quamquam
1759 883 1804 929 U

45 955 352 1018 propinquus
400 957 475 1003 est
519 954 656 1003 libris
695 955 839 1003 PRI
872 957 922 1002 et
968 970 1112 1016 saepe
1160 954 1357 1002 easdem
1402 954 1637 1003 lectiones
1678 957 1728 1003 et

45 1029 256 1078 eundem
309 1029 550 1077 scribendi
610 1028 813 1077 modum
872 1029 1118 1091 sequitur,
1179 1031 1348 1076 tamen
1401 1044 1512 1077 cum
1569 1028 1726 1076 altero

46 1102 270 1152 codicum
292 1119 469 1167 genere
492 1103 692 1151 uidetur
714 1103 924 1153 collatus
949 1106 998 1151 et
1022 1102 1293 1151 secundum
1323 1102 1375 1150 id
1404 1102 1575 1165 paucis
1607 1103 1726 1151 locis

47 1177 333 1225 emendatus
388 1193 505 1226 esse.
588 1177 643 1225 P.
678 1178 762 1238 87,
790 1179 852 1224 21
905 1177 1035 1224 enim
1089 1177 1223 1239 quod
1274 1177 1435 1239 primo
1488 1176 1728 1239 scriptum

47 1253 156 1299 erat
193 1247 408 1300 ‘domino
453 1247 666 1311 merito',
712 1267 767 1300 eo
806 1253 978 1313 postea
1025 1251 1185 1298 deleto
1226 1246 1433 1299 ‘domini
1476 1246 1726 1299 meritum'

46 1324 286 1386 scriptum
324 1327 418 1386 est3
462 1327 511 1373 et
549 1326 740 1388 glossae
781 1341 906 1387 quae
946 1340 1094 1386 supra
1133 1340 1276 1372 uoces
1317 1325 1579 1386 adduntur,
1617 1340 1728 1373 cum

46 1398 356 1447 consentiant
386 1414 496 1447 cum
526 1399 702 1463 glossis
734 1399 955 1447 codicum
986 1399 1032 1463 β,
1066 1398 1263 1447 uinculo
1298 1398 1514 1461 quodam
1543 1398 1728 1446 librum

55 1473 107 1521 U
139 1488 250 1520 cum
288 1472 357 1521 eis
397 1473 710 1521 coniunctum
747 1489 851 1522 esse
889 1472 1173 1521 testimonio
1213 1475 1340 1521 sunt.

157 1546 435 1595 Deteriores
481 1549 597 1595 sunt
642 1547 694 1594 in
739 1547 831 1595 hoc
875 1546 1000 1595 libro
1043 1546 1254 1594 adhibiti
1291 1546 1524 1595 Uaticani
1568 1547 1723 1608 1552,
1748 1551 1894 1597 deterr

48 1620 206 1682 3898,
233 1620 390 1682 5216,
413 1619 769 1669 Ambrosianus
795 1621 918 1681 498,
950 1636 1074 1682 quos
1099 1620 1203 1682 ipse
1230 1621 1435 1682 contuli,
1469 1619 1726 1668 Gothanus

49 1694 134 1754 55,
172 1693 309 1742 6111113
349 1694 663 1743 collationem
694 1694 848 1742 edidit
880 1692 1059 1743 Oehler
1088 1694 1141 1741 in
1172 1695 1336 1742 Iahnii
1368 1695 1531 1742 annal.
1565 1696 1725 1758 suppl.

45 1767 139 1815 XV
168 1785 215 1830 p.
250 1769 316 1817 95
343 1784 414 1831 sq.

157 1886 607 1949 Expositionem
660 1902 990 1935 sermonum
1046 1887 1432 1950 antiquorum
1479 1887 1567 1950 qui
1615 1903 1726 1935 con-

46 1959 209 2008 tinent
267 1960 402 2021 libri,
463 1977 634 2009 eorum
695 1960 866 2009 eadem
919 1962 1016 2010 duo
1075 1977 1256 2025 genera
1311 1962 1658 2010 discernuntur
1670 1955 1725 2028 1).
1752 1983 1782 2010 α

49 2031 240 2096 Optimi
291 2037 459 2083 autem
513 2035 671 2083 eidem
723 2034 957 2083 Uaticani
1010 2039 1124 2084 sunt
1173 2035 1433 2084 Palatinus
1482 2037 1622 2084 1578
1680 2038 1729 2084 615
1752 2040 1799 2083 P

47 2107 336 2172 Reginensis
372 2110 528 2169 1462,
575 2109 661 2171 (1111
703 2109 796 2157 3011
832 2126 879 2171 p.
915 2111 1036 2171 118,
1064 2112 1128 2159 19
1171 2104 1459 2158 ‘cellaritas'
1500 2110 1730 2158 exhibent
1752 2114 1799 2159 R

50 2183 100 2229 et
136 2198 184 2243 p.
219 2184 339 2244 117,
366 2184 431 2230 15
478 2182 767 2230 Plautinum
813 2178 1056 2245 ‘empsim'
1105 2187 1386 2246 seruarunt3
1443 2184 1623 2246 quibus
1672 2200 1729 2231 ex

48 2254 188 2303 libris
235 2272 358 2318 quos
403 2256 634 2304 Wessner
678 2257 742 2304 ad
794 2258 1126 2306 recensionem
1178 2274 1335 2320 nuper
1380 2258 1431 2305 in
1485 2273 1727 2305 commen·

48 2328 320 2378 tationibus
359 2330 645 2378 Ienensibus
676 2330 763 2392 VI,
789 2332 818 2377 2
851 2347 899 2392 p.
934 2332 1000 2379 65
1027 2347 1132 2394 sqq.
1172 2332 1454 2380 institutam
1501 2331 1730 2380 adhibuit

48 2402 170 2451 duos
181 2396 224 2470 ²)
255 2403 435 2464 addidi,
464 2403 744 2453 Parisinum
772 2405 907 2453 7581
938 2421 1060 2453 saec.
1085 2406 1130 2452 X
1161 2408 1211 2453 et
1232 2405 1559 2453 Harleianum
1586 2406 1726 2454 2682
1751 2409 1848 2468 θὶῷ

49 2491 173 2525 saec.
204 2477 262 2524 X.
323 2477 467 2525 Hunc
503 2480 669 2526 tamen
707 2481 884 2526 testem
918 2479 1159 2527 incertum
1190 2495 1293 2527 esse
1324 2479 1624 2528 monendum
1655 2483 1730 2528 est

51 2551 171 2612 quia
194 2551 456 2600 nonnullas
480 2567 578 2600 non
601 2552 818 2616 integras
841 2553 1046 2615 praebet
1071 2553 1319 2614 lectiones,
1343 2556 1400 2601 ut
1424 2549 1724 2616 ‘impetrare’

48 2639 96 2686 p.
133 2627 250 2686 111,
277 2627 324 2686 3,
363 2620 523 2674 ‘mori’
557 2643 603 2688 p.
641 2628 760 2687 114,
788 2629 868 2675 10.
929 2627 1190 2676 Bernensis
1223 2628 1327 2675 427
1362 2627 1644 2677 testimonia
1675 2628 1727 2675 in
1750 2641 1876 2685 Rem

48 2697 142 2747 hoc
175 2714 370 2761 quoque
403 2701 639 2762 opusculo
670 2701 749 2748 hic
779 2701 883 2749 illic
915 2717 1294 2750 commemorare
1327 2718 1351 2749 e
1376 2719 1428 2749 re
1451 2702 1616 2750 uisum
1639 2705 1726 2750 est.
1771 2757 1779 2764 ,

170 2856 213 2910 1)
244 2854 300 2898 cf.
332 2854 451 2901 Berl.
483 2855 601 2913 phil.
633 2855 959 2901 Wochenschr.
996 2860 1107 2901 1898
1140 2873 1183 2915 p.
1218 2862 1303 2902 554
1329 2872 1427 2914 sqq.

170 2915 214 2970 2)
245 2913 301 2957 cf.
333 2914 553 2959 Wessner
582 2930 626 2971 p.
661 2920 715 2959 70
742 2930 807 2971 3(1.
