1976 3120
169 134 233 178 VI
840 133 1178 178 PRAEFATIO

169 261 295 307 esset
328 274 546 306 sermone
581 274 679 306 non
711 274 886 307 ausum
919 275 1021 307 esse
1053 259 1285 321 proferre.
1347 258 1428 306 An
1460 254 1696 321 ‘propter’
1731 275 1848 307 cum

171 333 399 397 genetiuo
444 333 676 396 coniungi
707 350 752 394 p.
780 334 827 393 8,
860 335 948 392 143
994 334 1075 393 18,
1104 334 1158 394 43
1203 335 1285 392 20,
1319 333 1382 380 15
1416 335 1677 394 testantur,
1716 328 1847 381 ‘cum

168 409 382 455 cerastas
423 402 769 468 draconesque'
813 423 936 467 eum,
975 410 1031 454 ut
1069 406 1288 454 litteram
1322 407 1352 452 b
1392 406 1589 467 uitaret,
1626 405 1846 468 posuisse

166 498 214 542 p.
236 482 354 543 136,
372 481 421 540 4,
454 483 502 527 et
534 475 664 527 ‘cum
695 476 826 528 deos’
861 498 908 542 p.
929 483 1013 545 64,
1035 483 1097 529 19
1125 480 1376 542 scripsisse
1400 483 1458 528 ut
1482 479 1668 528 Graeca
1691 478 1857 528 uerba-

166 570 294 616 quae
341 556 454 602 sunt
500 552 614 616 μετὰ
661 553 897 617 δαίμονας
937 554 990 601 in
1028 553 1264 601 Latinum
1301 554 1592 602 transferret
1630 555 1847 602 constat:

151 623 247 676 fob
278 628 371 675 hac
401 621 523 689 re’l)
559 630 648 675 aut
679 623 759 674 ‘ab
793 623 1021 676 alucitas'
1054 630 1220 675 utrum
1250 627 1569 689 usurpauerit
1598 642 1766 688 necne,
1793 627 1856 676 in.

166 701 315 748 dubio
353 701 569 762 relinqui
605 700 836 748 uidetur?
897 701 988 749 His
1028 717 1086 748 ex
1117 701 1493 750 difficultatibus
1523 701 1598 748 ita
1627 703 1847 749 tantum-

165 775 310 823 modo
349 790 436 822 nos
470 775 835 836 explicabimus,
873 778 929 823 1113
959 775 1203 837 quidquid
1233 775 1342 822 ueri
1373 791 1471 822 non
1503 774 1739 823 dissimile
1771 776 1847 823 est

168 851 256 896 aut
293 849 503 896 aliorum
541 849 837 910 scriptorum
875 849 1109 911 exemplis
1147 849 1384 910 probatur
1424 848 1640 896 auctoris
1686 848 1855 910 ipsius-

168 938 272 970 esse
303 937 392 983 pro
425 924 555 970 certo
586 922 867 970 habeamus.
928 923 1258 986 Fulgentiana
1288 923 1445 986 igitur
1475 938 1578 970 esse
1610 921 1846 970 arbitror:

165 990 397 1055 ‘fodiuit',
443 991 724 1057 ‘spondidi'‚
763 992 966 1043 ‘memor
1006 992 1335 1056 sententiam’‚
1381 991 1702 1043 ‘inefficacem
1741 998 1844 1043 stu·

165 1065 338 1130 dium’,
370 1065 530 1116 tomne
561 1066 870 1132 igniculum’,
901 1069 1001 1117 alia
1033 1085 1159 1131 quae
1191 1070 1243 1116 in
1272 1069 1431 1117 indice
1465 1069 1700 1118 sermonis
1732 1085 1845 1117 con-

166 1146 306 1206 gesta
338 1146 464 1190 sunt.
518 1143 836 1190 Memoranda
867 1159 986 1190 uero
1018 1143 1214 1190 uidetur
1239 1143 1482 1205 cupiditas
1515 1158 1612 1205 qua
1645 1141 1845 1190 Graecis

164 1216 421 1264 uocabulis
451 1216 686 1264 Latinum
717 1232 989 1264 sermonem
1021 1217 1164 1278 quasi
1194 1216 1338 1264 claris
1372 1217 1615 1264 coloribus
1646 1216 1844 1264 uariare

164 1290 351 1350 studet,
400 1289 474 1337 ita
518 1293 686 1338 tamen
731 1293 790 1337 1113
834 1307 894 1337 ne
941 1291 993 1336 in
1048 1290 1115 1338 eis
1171 1289 1371 1351 quidem
1422 1290 1600 1337 menda
1655 1289 1849 1353 fugiat,

167 1359 532 1411 ‘onirocretam'
558 1364 687 1410 enim
713 1363 864 1411 efficit
887 1381 932 1425 p.
961 1366 1006 1424 3,
1028 1365 1095 1411 20
1119 1380 1305 1411 memor
1329 1363 1472 1411 credo
1503 1363 1640 1411 uocis
1668 1365 1845 1425 poetae

164 1453 291 1499 quae
346 1437 613 1498 antecedit3
668 1440 804 1484 amat
850 1433 1083 1500 edogma',
1138 1432 1349 1496 ‘fasma⁷,
1396 1432 1673 1497 <enteoam'‚
1723 1437 1844 1498 alia;

166 1526 266 1572 qua
289 1527 341 1558 re
365 1511 527 1559 nescio
553 1526 617 1557 an
647 1511 782 1558 haud
806 1511 1040 1558 dissimile
1073 1511 1180 1558 ueri
1211 1510 1445 1558 uideatur
1469 1525 1571 1558 esse
1595 1527 1642 1572 p.
1673 1512 1756 1571 10,
1777 1511 1841 1558 16

166 1579 446 1646 ‘sipnotico'
472 1587 760 1646 corruptum
790 1599 892 1632 esse
926 1599 984 1630 ex
1017 1579 1149 1645 ‘ipno
1178 1578 1245 1650 (h.
1272 1600 1310 1630 e.
1338 1577 1487 1652 ἰπνῷ)
1518 1579 1642 1644 tuo',
1675 1586 1733 1631 ut
1763 1584 1845 1632 hic

165 1673 335 1707 sensus
375 1657 639 1705 efficiatur:
680 1654 1041 1719 equaecumque
1081 1658 1233 1704 stulte
1265 1673 1395 1704 nunc
1433 1657 1665 1717 balbutis,
1705 1657 1843 1705 abice

167 1734 218 1779 et
256 1731 482 1780 combure
520 1734 579 1778 ut
616 1747 772 1779 uacuo
821 1731 983 1779 animo
1022 1746 1183 1778 meam
1221 1730 1464 1792 percipias
1503 1726 1843 1792 sapientiam’3

167 1805 302 1867 quod
346 1805 622 1867 praeferam
669 1804 813 1852 alteri
860 1805 1167 1860 coniecturae
1217 1798 1518 1865 ehipnotice',
1569 1819 1668 1866 qua
1713 1805 1844 1852 hunc

168 1894 366 1927 sensum
424 1878 588 1926 uerbis
650 1878 846 1926 subesse
900 1880 1152 1939 putaram:
1218 1872 1353 1926 ‘cedo
1408 1893 1533 1939 quae
1596 1877 1843 1926 somnians

166 1948 451 2000 balbutias’.
511 1952 715 1999 Accedit
746 1952 877 2014 quod
908 1951 1151 2012 exquisito
1185 1951 1400 2012 quodam
1434 1966 1609 2014 genere
1650 1951 1842 1999 dicendi

168 2029 218 2074 et
270 2026 416 2087 pleno
476 2026 767 2072 facetiarum
828 2025 1341 2088 significationumque
1396 2024 1714 2073 obscurarum
1765 2024 1845 2072 uti

169 2100 310 2158 solet,
346 2102 405 2146 ut
441 2099 622 2146 rectius
662 2099 783 2146 mihi
820 2098 985 2146 uisum
1023 2099 1088 2146 sit
1117 2115 1162 2160 p.
1199 2099 1246 2158 6,
1274 2101 1300 2145 1
1338 2093 1671 2145 emauricatos’
1709 2098 1844 2159 quod

168 2173 393 2220 meliores
434 2173 662 2220 exhibent
700 2173 814 2220 libri
851 2172 1149 2234 relinquere,
1192 2171 1310 2233 quia
1348 2171 1455 2219 fieri
1492 2171 1657 2233 potuit
1694 2174 1754 2219 ut
1789 2171 1845 2220 in

170 2247 369 2294 Mauros
407 2247 564 2293 facete
603 2246 755 2294 iocari
796 2246 964 2293 uellet.

283 2318 515 2368 Omnium
562 2323 729 2367 autem
773 2320 981 2366 maxime
1027 2319 1261 2366 intricata
1302 2320 1375 2366 est
1413 2319 1638 2380 quaestio
1678 2334 1845 2374 rerum

172 2409 299 2455 quae
347 2394 410 2441 ad
453 2394 652 2440 modum
691 2393 930 2441 scribendi
975 2393 1055 2440 uel
1094 2392 1497 2455 orthographiam
1535 2408 1687 2454 quam
1724 2391 1858 2439 dici-·

171 2482 281 2514 mus
320 2467 582 2528 pertinent,
622 2483 770 2528 quam
809 2483 863 2514 eo
903 2466 1065 2514 minus
1104 2466 1272 2527 fugere
1302 2465 1434 2525 licet,
1474 2466 1591 2527 quia
1621 2465 1674 2512 in
1702 2464 1845 2512 libris

174 2540 233 2587 de
273 2542 366 2587 aet.
405 2557 468 2587 m.
499 2540 818 2602 Fulgentium
857 2543 914 2587 1113
951 2540 1128 2586 Afrum
1166 2554 1263 2585 non
1304 2554 1384 2586 eas
1423 2537 1602 2600 quibus
1641 2552 1728 2586 nos
1765 2537 1850 2585 uti·-

174 2614 383 2662 solemus
422 2614 552 2676 leges
592 2629 648 2660 ac
686 2630 745 2660 ne
786 2614 980 2661 easdem
1018 2612 1218 2674 quidem
1256 2627 1446 2673 semper
1483 2614 1707 2659 secutum
1736 2625 1840 2658 esse

175 2687 524 2751 cognoscimus.
604 2686 710 2734 Illis
765 2687 895 2734 enim
946 2687 998 2733 in
1050 2685 1187 2732 libris
1235 2700 1344 2732 cum
1390 2684 1483 2732 sibi
1529 2699 1638 2731 eam
1681 2684 1843 2747 legem

176 2760 427 2820 statuerit,
473 2763 531 2807 ut
578 2760 761 2822 singuli
806 2760 1011 2822 singulis
1050 2758 1230 2805 litteris
1270 2760 1511 2818 carerent,
1554 2760 1688 2805 certa
1725 2757 1840 2805 scri-

299 2918 340 2972 1)
373 2915 430 2960 cf.
464 2929 586 2972 corp.
611 2914 746 2958 inscr.
777 2914 877 2958 Lat.
902 2914 1011 2957 VIII
1038 2929 1083 2970 p.
1111 2916 1237 2957 1111.
