1976 3120
207 125 279 177 94
869 125 1224 170 UOEGILIANA

130 202 183 234 M.
1902 204 1964 238 S?-

205 254 369 299 torum
407 251 587 299 feriata
624 252 882 299 tristitiam
921 251 1171 313 cogitandi
1213 252 1370 300 nescit
1407 255 1457 300 et
1493 253 1728 316 uaginam
1764 270 1881 316 pue—

202 325 345 373 rilem
384 326 578 373 exercit.
656 324 730 374 Ob
768 326 895 372 hanc
931 341 1035 372 rem
1074 325 1225 372 etiam
1265 325 1458 388 Oiclops
1495 344 1647 374 unum
1684 328 1882 376 oculum

201 399 255 446 in
293 400 454 447 fronte
491 399 671 447 habere
709 399 902 460 dicitur,
943 399 1060 460 quia
1097 415 1186 447 nec
1222 400 1424 461 plenum
1461 416 1550 449 nec
1584 401 1882 450 rationalem
1951 435 1955 441 -

202 474 364 521 uisum
408 474 612 536 puerilis
659 474 842 536 uagina
887 475 1058 534 portat
1103 475 1153 520 et
1198 474 1356 522 omnis
1402 476 1538 523 aetas
1584 475 1788 536 puerilis
1825 476 1883 524 in

158 564 178 596 5
203 548 431 609 superbia
463 548 682 610 erigatur
711 550 769 594 ut
799 545 1007 608 Ciclops.
1068 546 1183 595 Ideo
1223 548 1275 595 in
1307 548 1468 610 capite
1509 549 1714 612 oculum,
1746 549 1880 612 quod

127 662 132 666 .
200 621 324 668 nihil
370 622 467 669 nisi
514 621 776 683 superbum
822 622 871 668 et
916 621 1085 668 uideat
1132 624 1182 668 et
1221 622 1416 670 sentiat.
1493 621 1647 679 Quem
1684 624 1878 685 sapien-

198 695 417 743 tissimus
456 695 624 743 Ulixes
664 694 921 758 extinguit,
959 695 1012 742 id
1051 698 1145 742 est:
1183 695 1298 759 igne
1336 695 1524 758 ingenii
1554 711 1688 744 uana
1718 697 1878 760 gloria
1974 735 1976 738 .

199 772 407 817 cecatur.
484 770 600 816 Ideo
657 785 767 816 eum
822 771 871 816 et
914 769 1258 830 Poliphemum
1311 770 1524 818 diximus
1571 770 1714 832 quasi
1758 786 1875 833 apo-

197 843 340 891 lunta
378 844 554 904 femen,
594 843 727 904 quod
764 858 853 891 nos
891 842 1069 890 Latine
1106 843 1393 905 perdentem
1430 844 1616 891 famam
1653 844 1874 893 dicimus.

130 934 174 966 10
197 918 328 980 Ergo
375 917 654 965 iuuentutis
700 916 965 964 elationem
1011 920 1061 964 et
1106 917 1267 965 famae
1319 917 1648 979 perditionem
1693 919 1874 967 aetatis
1970 981 1976 986 ι

197 991 376 1039 cecitas
416 991 654 1053 sequitur.
715 990 847 1038 Nam
884 993 943 1038 ut
973 991 1090 1038 ordo
1131 1007 1182 1039 se
1221 991 1442 1039 euidenti
1473 992 1872 1040 manifestatione
1973 990 1976 991 ⁷

195 1065 452 1127 delucidet,
490 1067 611 1112 tunc
647 1067 842 1147 patrem
872 1064 1061 1126 sepelit.
1122 1065 1423 1114 Adcrescens
1456 1065 1586 1113 enim
1621 1065 1872 1115 iuuenalis

193 1132 346 1206 aelltas
405 1139 603 1201 paterni
654 1138 840 1201 uigoris
899 1139 1090 1201 respuit
1141 1139 1371 1201 pondera.
1454 1139 1679 1222 Denique
1732 1140 1854 1188 Dre-
1869 1150 1970 1194 752

191 1229 347 1275 panos
392 1215 566 1275 portus
605 1213 782 1275 sepelit
813 1239 882 1245 —-
913 1212 1171 1274 Drepanos
1209 1213 1341 1260 enim
1379 1213 1524 1275 quasi
1560 1213 1871 1276 drimipedos‚

126 1304 167 1336 15
192 1286 374 1335 drimos
414 1287 545 1334 enim
575 1302 687 1334 acer
717 1286 910 1348 dicitur,
948 1302 1034 1349 pes
1066 1302 1184 1334 uero
1222 1303 1348 1349 puer
1383 1289 1591 1335 uocatur
1621 1313 1705 1349 —‚
1737 1287 1871 1349 quod

101 1372 193 1414 152
204 1354 425 1428 puelrilis
457 1361 698 1408 acerbitas
728 1363 989 1422 paternam
1018 1363 1224 1422 respuat
1255 1360 1577 1423 disciplinam.
1638 1361 1871 1409 Feriatus

193 1450 308 1498 ergo
348 1435 540 1483 animus
579 1451 610 1482 a
647 1437 854 1497 paterno
892 1434 1073 1482 iudicio
1122 1434 1175 1482 in
1215 1437 1390 1496 quarto
1428 1434 1554 1482 libro
1594 1437 1644 1482 et
1680 1437 1869 1483 uenatu

187 1509 503 1571 progreditur
549 1512 598 1556 et
647 1524 812 1556 amore
857 1511 1093 1570 torretur,
1148 1511 1197 1556 et
1240 1511 1533 1570 tempestate
1580 1524 1638 1556 ac
1681 1508 1868 1572 nubilo,

188 1583 329 1630 uelut
366 1583 417 1629 in
455 1582 634 1630 mentis
667 1582 1055 1645 conturbatione,
1095 1584 1292 1630 coactus
1323 1582 1622 1630 adulterium
1659 1582 1865 1644 perficit.
1896 1637 1899 1642 ¹
1973 1584 1976 1611 ·’

121 1673 165 1706 20
187 1655 245 1703 In
285 1672 380 1717 quo
421 1656 505 1703 diu
544 1658 871 1704 commoratus
909 1656 1150 1704 Mercurio
1187 1656 1457 1718 instigante
1495 1655 1713 1704 libidinis
1745 1671 1866 1704 suae
1959 1695 1976 1703 -

187 1730 318 1777 male
348 1732 723 1792 praesumptum
754 1745 970 1781 amorem
999 1729 1258 1791 relinquit3
1288 1729 1558 1777 Mercurius
1591 1729 1722 1776 enim
1745 1730 1865 1778 deus

184 1803 387 1865 ponitur
445 1803 654 1865 ingenii3
717 1819 830 1865 ergo
893 1803 1091 1865 ingenio
1151 1803 1421 1865 instigante
1483 1805 1620 1851 aetas
1681 1803 1865 1853 deserit

186 1877 366 1925 amoris
413 1876 636 1924 confinia.
714 1876 808 1932 Qui
855 1877 1054 1938 quidem
1099 1892 1237 1924 amor
1274 1879 1584 1938 contemptus
1625 1877 1864 1926 emoritur

186 1954 235 1999 et
271 1951 324 1997 in
363 1951 547 1998 cineres
588 1953 786 1998 exustus
818 1950 1047 2013 emigrat3
1088 1950 1203 2011 dum
1241 1950 1371 1997 enim
1402 1951 1460 1997 de
1500 1950 1642 1998 corde
1679 1950 1862 2013 puerili

119 2043 161 2075 25
185 2025 482 2072 auctoritate
534 2024 721 2087 ingenii
772 2020 988 2089 (libido)
1034 2024 1314 2086 expellitur,
1376 2024 1572 2086 sepulta
1631 2023 1684 2071 in
1736 2024 1859 2072 obli·-

302 2155 324 2193 1
372 2149 592 2207 uaginem
622 2150 725 2195 EG
777 2149 946 2207 uagine
985 2150 1029 2192 L
1082 2152 1311 2206 (suprascr
1361 2149 1686 2207 uaginacione)
1737 2150 1860 2207 yzoss

180 2208 433 2266 uagatione
458 2210 502 2253 U
525 2224 566 2253 v.
577 2209 713 2254 Arch.
730 2211 763 2264 f.
781 2210 859 2254 lat.
877 2209 988 2253 Lex.
1008 2209 1092 2252 XI
1103 2212 1161 2253 74
1250 2213 1276 2251 2
1301 2209 1473 2252 exercit
1487 2208 1656 2267 PRD
1702 2210 1796 2252 -cet
1819 2226 1854 2252 ω

240 2267 385 2311 etiam
415 2282 486 2312 om
517 2269 568 2312 E
697 2273 722 2311 5
756 2267 1021 2324 superbiam
1050 2269 1137 2326 ,Ββ
1191 2282 1276 2324 sup
1279 2281 1478 2311 eruacua
1500 2268 1556 2312 Η
1640 2242 1860 2324 erigitur

179 2327 236 2371 H
241 2327 291 2371 D
301 2329 383 2386 βΙ
515 2332 540 2370 6
574 2327 840 2384 superbiam
870 2326 1032 2370 uideat
1054 2327 1105 2370 D
1239 2331 1264 2370 7
1294 2326 1486 2383 ingenifi
1507 2326 1559 2370 D
1691 2329 1718 2369 8
1749 2325 1856 2370 ideo

180 2392 259 2429 eni
283 2388 330 2429 et
346 2387 396 2430 Ε
461 2385 802 2442 philosophenu
818 2386 868 2430 D
939 2399 998 2443 ap
1002 2385 1182 2429 ollunta
1205 2386 1233 2444 β
1323 2390 1379 2429 10
1402 2385 1452 2428 111
1474 2384 1731 2429 iuuentutis
1748 2386 1799 2428 E

181 2450 234 2487 12
270 2444 504 2488 delucidet
527 2445 690 2490 PRH
702 2446 755 2504 U
794 2444 880 2488 dil-
905 2462 940 2488 co
1022 2443 1239 2487 iuuenilis
1263 2445 1468 2503 RDssU2
1571 2448 1626 2487 13
1656 2442 1854 2501 rigoris?

179 2503 254 2547 He
361 2504 566 2560 depanos
590 2505 746 2549 PRU
862 2509 917 2548 14
947 2505 1116 2560 pontus
1141 2503 1250 2546 HD
1288 2505 1464 2560 (portus
1495 2518 1550 2547 m.
1582 2504 1685 2559 rec.)
1714 2503 1852 2558 portu

317 2562 534 2618 sepeliuit
567 2563 609 2607 G
662 2562 847 2619 sepeliit
877 2564 1005 2608 Rern
1113 2563 1231 2619 yloss
1267 2576 1300 2604 S.
1332 2563 1514 2618 patrem
1547 2561 1642 2606 GL
1754 2574 1853 2617 sep.

177 2621 414 2666 delendum
437 2621 510 2665 He
632 2626 685 2664 15
724 2621 797 2678 pis
822 2622 873 2666 Ε
995 2625 1050 2664 17
1088 2622 1310 2664 uenatum
1334 2621 1388 2664 H
1393 2621 1479 2679 1)ss
1599 2623 1653 2662 19
1690 2618 1740 2661 in
1778 2633 1850 2663 om

177 2681 322 2724 deterr
472 2684 525 2722 21
567 2679 628 2722 ad
665 2694 840 2724 morem
862 2681 909 2725 R
953 2693 1127 2724 morem
1149 2679 1200 2723 D
1307 2677 1540 2734 relinquid
1563 2677 1727 2722 PRH
1736 2678 1782 2723 U

175 2743 208 2794 p
232 2742 318 2794 sfip
342 2737 415 2782 eia
438 2737 488 2781 in
510 2740 658 2782 morte
681 2738 904 2794 relinquit
921 2739 964 2784 G
1083 2742 1139 2782 23
1164 2739 1420 2782 contemtus
1435 2737 1482 2782 R
1561 2734 1783 2789 amoritur
1797 2736 1849 2780 D

174 2796 371 2840 moritur
393 2797 435 2841 G-
553 2801 609 2839 24
641 2797 698 2840 (16
729 2798 866 2842 corde
892 2799 960 2843 vel
983 2798 1120 2841 decor
1143 2797 1200 2841 de
1231 2813 1262 2839 α
1294 2796 1508 2847 (dedecus
1538 2809 1752 2850 suprascr
1782 2794 1849 2851 U)

176 2856 314 2900 decor
336 2857 380 2900 L
419 2856 558 2899 decus
584 2857 625 2900 G
663 2856 863 2900 dedecus
887 2857 939 2901 Ε
1021 2855 1198 2913 puerile
1222 2855 1321 2900 EG·
1441 2858 1496 2898 25
1527 2853 1747 2914 <11101ᾱο>
1771 2850 1847 2898 He
1886 2885 1896 2895 .

233 2914 475 2959 excellitur
491 2915 541 2958 Ε
627 2915 832 2971 sepultus
857 2917 1003 2961 detero·
