1976 3120
150 63 179 113 7
187 63 218 115 8
752 65 1222 110 MITOLOGIARUM

72 138 124 171 M.
1849 143 1911 179 St,

146 190 468 253 geometrica,
530 191 745 238 secunda
799 191 1132 252 arithmetica,
1193 191 1245 238 in
1299 193 1608 255 astrologicis
1669 194 1832 256 prima

145 264 397 318 mathesis,
436 265 649 312 secunda
681 265 996 325 astronomia,
1035 265 1087 311 in
1117 265 1372 314 medicinis
1403 267 1564 327 prima
1594 267 1831 331 gnostico,

146 338 360 387 secunda
391 338 650 400 dinamico,
681 339 733 386 in
766 339 1057 400 aruspicinis
1089 339 1250 400 prima
1282 340 1576 403 aruspicina,
1616 341 1835 391 secunda

143 413 430 474 parallaxis,
454 413 506 460 in
530 413 731 460 musicis
754 412 916 474 prima
938 413 1142 474 musica,
1174 414 1389 461 secunda
1413 415 1831 476 apotelesmatice.

101 502 121 535 5
144 486 220 534 De
261 487 438 549 quibus
480 487 705 534 omnibus
735 487 954 534 breuiter
990 486 1234 535 rationem
1263 488 1597 551 perstringam
1633 505 1829 538 necesse

145 563 232 608 est.
294 562 440 608 Aliut
486 563 561 608 est
600 561 731 608 enim
777 563 900 622 aput
945 561 1292 624 grammaticos
1341 562 1505 610 aliena
1551 578 1834 626 agnoscere,

85 651 91 655 ·
144 635 273 683 aliut
312 651 402 683 sua
436 635 646 695 efficere3
688 637 811 696 aput
840 635 1063 683 rethores
1101 651 1219 683 uero
1252 636 1389 683 aliud
1427 639 1502 685 est
1535 637 1738 698 profusa
1778 641 1832 686 et

141 709 298 758 libero
331 725 475 757 cursu
507 710 747 756 effrenata
777 709 1069 771 loquacitas,
1109 710 1246 757 aliud
1278 710 1545 758 constricta
1575 712 1827 760 ueritatis-

143 800 238 845 que
284 783 595 846 indagandae
651 783 843 831 curiosa
888 783 1140 844 nexilitas3
1197 787 1319 846 aput
1373 785 1649 848 astrologos
1701 786 1830 833 aliut

76 874 120 906 10
143 860 219 905 est
273 860 521 906 astrorum
575 872 631 905 ac
686 857 901 904 siderum
951 873 1118 905 cursus
1175 858 1474 920 effectusque
1521 874 1828 922 cognoscere,

143 932 272 979 aliut
311 931 590 994 significata
626 931 906 993 traducere3
957 931 1008 978 in
1047 931 1302 980 medicinis
1349 933 1476 980 aliut
1515 936 1589 981 est
1633 933 1826 982 morbo—

140 1021 252 1052 rum
276 1021 541 1068 agnoscere
564 1006 811 1067 meritum,
844 1006 983 1053 aliud
1012 1005 1315 1054 infirmitatis
1339 1007 1621 1054 uenientem
1643 1007 1827 1054 mederi

53 1090 145 1132 132
157 1095 466 1138 concursum,
520 1080 572 1126 in
619 1073 944 1146 geometriflcis
991 1080 1118 1127 aliut
1167 1081 1405 1128 formulas
1451 1081 1706 1143 lineasque
1746 1081 1826 1128 de-

141 1154 366 1216 pingere,
415 1154 541 1201 aliut
579 1169 807 1202 numeros
853 1154 1079 1202 formulis
1127 1157 1382 1215 coaptare,
1431 1155 1484 1201 in
1531 1155 1825 1216 aruspicinis

74 1245 117 1277 15
142 1228 278 1275 aliud
315 1228 551 1275 fibrarum
588 1228 1042 1290 particularumque
1080 1228 1342 1290 inspectio,
1386 1228 1520 1276 aliud
1558 1229 1823 1276 secundum

139 1302 426 1350 Battiadem
461 1304 730 1349 euentuum
767 1295 1074 1369 inylmutatio,
1102 1302 1154 1349 in
1184 1302 1383 1350 musicis
1419 1318 1536 1350 uero
1568 1303 1704 1350 aliud
1736 1305 1809 1351 est
1825 1297 1919 1340 733

140 1376 364 1424 armonia
416 1378 736 1439 ptongorum,
787 1376 1098 1424 sistematum
1152 1378 1203 1424 et
1256 1376 1628 1439 diastematum,
1686 1376 1825 1424 aliud

140 1451 341 1498 effectus
379 1453 611 1498 tonorum
648 1451 909 1512 uirtusque
947 1450 1230 1511 uerborum,
1278 1451 1413 1498 uocis
1453 1466 1568 1514 ergo
1607 1451 1822 1513 pulchri—

138 1525 258 1572 tudo
299 1525 550 1572 delectans
587 1525 784 1572 interna
820 1525 942 1572 artis
981 1527 1170 1572 secreta
1207 1524 1446 1572 uirtutem
1478 1525 1630 1573 etiam
1665 1524 1823 1573 misti-

73 1616 116 1647 20
139 1614 248 1646 cam
292 1598 558 1646 uerborum
604 1598 823 1661 attingit.
903 1598 998 1646 Sed
1043 1599 1165 1646 haec
1218 1601 1460 1660 quantum
1513 1599 1575 1646 ab
1623 1598 1823 1664 optimis

97 1707 99 1711 .
139 1674 338 1720 amatur
376 1672 503 1719 sicut
542 1672 603 1719 ab
642 1672 839 1720 Aristeo
880 1700 949 1704 —
991 1673 1179 1720 ariston
1218 1673 1348 1719 enim
1388 1671 1540 1720 Grece
1580 1672 1823 1734 optimum

138 1745 321 1793 dicitur
359 1773 444 1806 —,
481 1748 623 1794 tanto
668 1746 780 1807 ipsa
826 1761 905 1793 ars
945 1746 1338 1795 communionem
1381 1745 1637 1794 hominum
1675 1745 1824 1794 uitat.

139 1819 273 1876 Quae
315 1820 514 1881 quidem
553 1820 793 1881 serpentis
842 1820 948 1867 ictu
985 1820 1198 1868 moritur
1235 1819 1380 1881 quasi
1418 1819 1633 1867 astutiae
1671 1820 1821 1867 inter-

1949 239 1965 298 μ’,
1938 0 1969 234 mave*

138 1896 299 1955 ceptu,
340 1893 538 1941 secretis
576 1894 720 1940 uelut
756 1893 928 1941 inferis
957 1893 1355 1957 transmigratur.
1426 1893 1522 1940 Sed
1551 1895 1665 1955 post
1694 1894 1824 1942 hanc

71 1986 113 2019 25
139 1971 296 2015 artem
335 1967 686 2029 exquirendam
725 1970 876 2029 atque
910 1967 1197 2015 eleuandam
1228 1984 1329 2016 uox
1360 1983 1540 2016 canora
1571 1968 1824 2015 descendit

257 2160 279 2198 1
314 2153 599 2211 geometrica
615 2153 732 2197 ΕΜ
736 2153 822 2212 Πβ
868 2152 1151 2211 geometrica
1170 2154 1212 2196 Τ
1251 2153 1508 2210 geometria
1540 2170 1574 2196 ω
1674 2152 1819 2196 ariht-

135 2213 310 2258 metica
343 2214 386 2257 T
516 2211 765 2269 astrologis
795 2212 852 2255 H
892 2211 1160 2269 astrologiis
1191 2213 1228 2255 I
1384 2216 1409 2254 3
1444 2211 1686 2268 dynamice
1721 2213 1764 2255 T

135 2279 164 2316 4
187 2272 440 2330 parallexis
458 2272 658 2330 α[Η]Ε
683 2271 896 2328 paralex-
913 2272 971 2315 H
976 2272 1018 2317 G
1049 2286 1116 2315 em
1131 2272 1350 2329 Plasberg]
1425 2275 1451 2315 5
1474 2270 1819 2329 praestringam

136 2333 183 2377 R
305 2337 330 2375 6
363 2331 483 2376 aliut
506 2331 603 2375 PR
651 2330 779 2374 aliud
800 2348 834 2374 ω
927 2332 1042 2388 aput
1064 2331 1161 2375 PR
1209 2330 1335 2387 apud
1366 2347 1400 2373 ω
1523 2335 1546 2374 7
1579 2329 1698 2373 aliut
1720 2329 1818 2374 PR

137 2391 267 2435 aliud
291 2409 325 2435 ω
418 2392 533 2448 aput
558 2390 662 2434 RD
704 2390 830 2446 apud
854 2407 888 2433 ω
962 2390 1188 2434 vrhetores
1212 2389 1376 2434 ΒΗΘ
1467 2389 1586 2432 aliut
1608 2389 1655 2434 R
1746 2389 1820 2432 est

135 2465 206 2495 om
234 2450 336 2494 ΤΗ
341 2452 375 2494 Ι
381 2451 431 2493 Ε
554 2449 744 2505 profuso
777 2451 924 2494 detero·
1071 2453 1097 2492 8
1140 2448 1258 2492 aliut
1281 2449 1328 2492 R
1447 2447 1577 2492 3111111
1616 2449 1689 2491 est
1712 2448 1763 2491 Ε

136 2513 162 2552 9
195 2512 310 2565 aput
333 2509 430 2554 PR
469 2508 595 2565 apud
618 2525 653 2551 ω
745 2508 864 2552 aliut
888 2508 985 2552 PR
1023 2507 1154 2551 aliud
1177 2524 1211 2550 ω
1325 2511 1379 2550 10
1405 2506 1609 2562 affect9q3
1639 2507 1819 2562 reliqua

134 2569 296 2612 desunt
327 2569 390 2611 M
548 2572 599 2610 11
643 2567 762 2611 aliut
793 2568 889 2612 PR
942 2566 1072 2610 aliud
1103 2583 1138 2610 ω
1275 2565 1394 2609 aliut
1415 2566 1514 2609 PR
1560 2564 1690 2608 aliud
1721 2581 1755 2607 ω

137 2632 191 2670 12
225 2626 345 2670 aliut
367 2627 414 2671 R
523 2631 576 2669 13
610 2625 729 2670 aliut
752 2627 848 2670 PR
897 2626 1024 2669 aliud
1049 2642 1083 2668 ω
1191 2629 1246 2668 14
1279 2624 1398 2668 aliut
1420 2624 1521 2669 PR
1566 2623 1695 2667 aliud
1719 2640 1753 2666 ω

137 2691 192 2730 15
225 2686 293 2730 bis
324 2685 444 2729 aliut
467 2686 514 2729 R
631 2690 685 2728 16
716 2685 989 2729 bacciadem
1021 2686 1048 2744 β
1138 2683 1258 2728 aliut
1279 2683 1326 2728 R
1447 2687 1500 2725 17
1534 2681 1744 2726 3111101113
1768 2682 1820 2726 Ε

136 2744 370 2789 armonias
402 2761 436 2787 ω
551 2743 670 2786 aliut
693 2745 739 2789 R
905 2750 959 2788 19
1000 2744 1225 2788 secretam
1257 2742 1420 2786 PRH
1425 2742 1467 2785 T
1565 2740 1815 2797 mysticam

139 2804 235 2848 TE
351 2808 407 2847 20
441 2803 500 2846 ab
533 2817 603 2847 om
629 2804 671 2846 T
780 2809 834 2846 22
866 2805 1052 2847 tantum
1074 2802 1191 2846 ΒΗ
1194 2803 1221 2861 β
1335 2805 1392 2844 23.
1421 2800 1682 2857 intercepta
1706 2799 1815 2844 HD

195 2868 250 2906 24
281 2862 423 2907 uelud
448 2862 557 2906 HD
