1976 3120
680 105 874 152 SUPER
903 103 1256 150 THEBAIDEN
1705 103 1811 158 185

44 259 48 262 -
121 232 253 281 enim
298 248 398 281 non
446 232 622 295 credit,
668 231 770 280 iam
816 231 1065 280 iudicatus
1106 233 1193 279 est.
1270 230 1376 278 'Nec
1413 231 1565 278 uacat
1610 231 1742 292 quod
1781 246 1811 279 a

122 309 347 370 serpente
387 307 637 355 occiditur.
709 304 879 355 Omnis
920 305 1051 354 enim
1088 304 1303 353 idolatra
1342 320 1373 352 a
1410 303 1631 367 maligno
1670 305 1810 353 hoste

120 381 297 444 procul
329 380 480 430 dubio
513 383 758 429 enecatur.
818 379 961 437 Quod
992 382 1160 428 autem
1190 378 1460 443 Licurgum
1491 378 1812 427 consolantur

125 453 282 518 Greci,
321 471 420 504 non
452 458 527 503 est
559 471 672 503 cum
703 455 900 504 silentio
932 453 1363 517 praetereundum.
1425 452 1649 501 Mortuos
1681 453 1811 500 enim

121 529 175 577 in
227 529 442 592 peccatis
498 529 704 578 scientia
758 528 1025 577 saecularis
1081 528 1375 577 consolatur.
1462 527 1605 575 Unde
1659 527 1810 575 etiam
1835 545 1854 578 5

122 603 352 666 sequitur
391 604 523 666 quod
559 603 915 652 Archemorum
959 602 1225 651 honorifice
1271 601 1529 664 sepeliunt.
1607 600 1811 649 Alumni

123 677 255 726 enim
292 678 556 726 idolatriae
594 693 828 740 pompose
868 680 918 726 et
955 676 1222 726 honorifice
1261 677 1508 739 quantum
1539 676 1603 724 ad
1636 677 1810 740 uulga-

121 766 229 800 rem
276 752 559 815 opinionem
605 750 916 815 sepeliuntur
953 766 1078 814 quos
1125 751 1177 799 in
1221 751 1433 814 peccatis
1473 750 1659 813 sopitos
1702 752 1810 799 laus

36 863 37 866 ¹
122 825 341 875 humana
387 829 438 875 et
482 826 762 874 mundanae
807 826 1050 874 uanitatis
1101 825 1262 889 gloria
1307 825 1540 874 inuoluit.
1619 825 1810 873 Deinde

120 900 397 964 pugnaturi
428 901 586 949 Tebas
619 900 805 948 adeunt
844 903 895 948 et
932 903 1158 964 pugnant
1192 902 1364 948 contra
1393 899 1616 948 Etioclen
1653 900 1706 947 id
1738 902 1879 949 est10

124 974 406 1038 auaritiam,
446 975 564 1037 quia
597 975 690 1023 etsi
721 975 972 1037 utrimque
1007 974 1223 1036 uanitas,
1262 976 1431 1022 tamen
1469 973 1812 1037 philosophiae

122 1048 329 1098 intentis
369 1049 586 1097 auaritia
625 1049 873 1098 sordescit.
935 1049 1183 1112 Pugnant,
1223 1048 1308 1097 sed
1345 1049 1398 1096 in
1435 1049 1584 1097 huius
1615 1065 1812 1112 pugnae

124 1123 260 1171 exitu
319 1139 418 1172 non
470 1125 848 1186 prosperantur3
911 1124 1204 1172 occiduntur
1259 1122 1391 1170 enim
1445 1139 1624 1172 omnes.
1716 1123 1812 1172 Hic

122 1197 368 1246 humanae
417 1197 637 1246 cecitatis
689 1198 848 1261 caligo
895 1197 1206 1260 exprimitur,
1259 1213 1385 1260 quae
1433 1198 1492 1245 de
1538 1197 1683 1246 malis
1732 1197 1812 1245 de-

29 1290 31 1293 *
122 1271 330 1334 teriora,
377 1271 435 1320 de
481 1272 626 1320 uanis
674 1272 882 1320 uaniora
932 1272 1218 1334 frequenter
1257 1271 1420 1336 eligit,
1468 1287 1581 1320 cum
1628 1271 1813 1320 artium
1837 1286 1880 1319 15

125 1345 384 1394 scientiam
413 1346 575 1394 minus
607 1362 793 1394 uanam
828 1346 1074 1394 auaritiae
1106 1346 1303 1394 uaniori
1335 1348 1654 1409 postponunt.
1718 1345 1814 1394 Sed

124 1435 226 1468 non
262 1422 413 1468 uacat
460 1420 592 1482 quod
634 1420 880 1468 subditur:
927 1421 1147 1483 Excepto
1186 1420 1415 1469 Adrasto.
1491 1421 1815 1483 Philosophia

0 1534 30 1550 „
126 1493 279 1556 enim,
327 1493 422 1542 etsi
466 1494 518 1542 in
565 1495 728 1542 auaris
775 1497 968 1557 pereat,
1014 1495 1067 1542 in
1113 1510 1164 1543 se
1207 1510 1306 1543 non
1344 1494 1658 1543 interimitur.
1734 1494 1815 1542 Ad

0 2979 10 3111 nun-..q-

124 1568 359 1616 ultimum
405 1568 631 1616 duellant
676 1568 879 1630 fratres,
926 1569 978 1616 id
1024 1571 1099 1617 est
1146 1569 1363 1617 auaritia
1402 1571 1452 1617 et
1498 1569 1717 1631 luxuria,
1765 1571 1815 1616 et

30 1653 33 1658 ’
123 1644 299 1691 mutuo
353 1658 404 1690 se
458 1643 723 1705 perimunt.
815 1643 989 1705 Neque
1045 1643 1175 1691 enim
1227 1643 1280 1690 in
1335 1643 1506 1691 eodem
1559 1659 1609 1692 se
1664 1643 1814 1692 simul
1838 1658 1882 1690 20

123 1716 387 1779 patiuntur
425 1716 667 1765 auaritiae
707 1716 948 1766 seueritas
988 1719 1039 1765 et
1067 1717 1292 1765 luxuriae
1322 1717 1546 1765 lasciuia.
1611 1716 1707 1766 Sed
1737 1718 1813 1766 his

125 1790 351 1853 peremtis
405 1790 545 1839 uitiis
599 1791 652 1838 in
707 1791 874 1839 anima
929 1791 1146 1855 insurgit
1199 1791 1451 1857 superbia,
1507 1808 1635 1854 quae
1690 1792 1813 1840 bene

126 1865 310 1913 dicitur
350 1862 507 1913 Creon
545 1865 690 1928 quasi
730 1881 948 1914 cremens
988 1865 1167 1914 omnia.
1243 1865 1379 1914 Nota
1419 1866 1551 1928 quod
1594 1869 1814 1915 cessante

128 1939 262 1988 omni
297 1938 426 1987 uitio
466 1939 696 2002 superbia
735 1939 895 1988 acrius
934 1940 987 1987 in
1027 1940 1193 1988 anima
1223 1956 1433 2004 regnum
1464 1940 1558 1989 sibi
1588 1944 1813 2003 usurpat,

127 2011 327 2076 quando
374 2012 567 2072 animus
616 2029 675 2062 ex
717 2013 1034 2076 perfectionis
1083 2014 1383 2063 conscientia
1433 2005 1666 2063 interiore
1714 2015 1812 2063 ela·
1839 2029 1882 2062 25

126 2087 261 2135 tione
306 2087 553 2135 tumescit.
628 2087 771 2135 Unde
816 2088 1008 2150 poetice
1055 2090 1169 2151 post
1214 2091 1426 2136 mortem
1475 2089 1717 2137 Ethioclis
1766 2092 1815 2137 et

125 2160 362 2209 Polinicis
422 2161 638 2224 insurgit
699 2161 855 2210 Creon
921 2165 1233 2225 regnaturus
1334 2161 1428 2219 Qui
1490 2163 1642 2211 etiam
1702 2179 1814 2226 pro-

125 2234 265 2282 hibet
294 2250 435 2298 reges
464 2235 677 2297 sepeliri,
716 2235 769 2283 id
808 2238 883 2284 est
912 2236 1144 2285 scientias
1176 2237 1450 2285 saeculares
1482 2237 1652 2300 latere,
1692 2253 1814 2300 quas

250 2410 272 2449 1
306 2406 364 2460 cf.
395 2405 552 2450 Ioann.
586 2410 627 2462 3,
655 2411 708 2451 18

248 2574 273 2613 3
313 2567 446 2627 liggfi
471 2569 517 2612 P
544 2583 610 2614 em
634 2569 709 2615 He
828 2574 856 2613 4
893 2557 1078 2639 mqrtu9
1102 2570 1147 2613 P
1171 2584 1238 2615 em
1262 2570 1336 2616 He
1461 2576 1486 2616 6
1519 2570 1682 2630 alfipni
1713 2572 1759 2615 P

132 2647 157 2687 7
188 2643 378 2702 uulgale
404 2644 450 2687 P
468 2659 531 2689 em
558 2644 632 2689 He
781 2649 808 2688 8
847 2643 1002 2702 peccis
1029 2645 1087 2701 (ἓ)
1111 2645 1179 2690 Pr
1222 2644 1353 2702 pacis
1384 2645 1455 2705 129
1499 2645 1708 2703 peccatis
1740 2645 1815 2690 He

190 2706 245 2746 10
277 2701 456 2747 eciolen
480 2703 527 2747 P
546 2718 612 2748 em
636 2704 694 2748 H
784 2709 838 2748 12
870 2702 1008 2748 itfitis
1033 2705 1102 2748 Pr
1131 2703 1262 2748 ist-itis
1279 2704 1338 2762 (ἓ)
1363 2706 1433 2764 1³9
1464 2704 1658 2750 intentis
1683 2705 1756 2750 Hc

132 2764 185 2804 1⁷
212 2761 401 2807 adastro
426 2762 473 2806 P
493 2777 559 2808 em
583 2763 658 2808 He
765 2768 820 2807 22
852 2762 1052 2822 phennis
1069 2764 1116 2806 P
1141 2763 1363 2820 peremtis
1380 2764 1455 2810 He
1560 2769 1616 2808 23
1642 2769 1816 2809 61611166

129 2819 178 2863 P
217 2821 259 2866 h.
300 2835 334 2866 e.
375 2836 607 2879 premens,
651 2826 704 2868 ut
747 2824 934 2880 interpr.
983 2823 1208 2882 Plasbery
1246 2825 1345 2869 coll.
1374 2839 1425 2881 p.
1463 2826 1537 2879 51,
1572 2827 1631 2868 18
1665 2838 1755 2881 sqq.

131 2912 186 2951 27
218 2898 407 2966 regnat9
431 2910 500 2954 Pr
544 2912 822 2969 regnaturus
854 2911 924 2970 1³9
1091 2915 1146 2955 28
1185 2898 1373 2969 &peliri
1405 2913 1451 2956 Ρ
1485 2915 1568 2971 (em
1606 2914 1705 2959 ead.
1740 2915 1815 2970 m.)
