1976 3120
205 83 312 145 154
825 96 905 140 DE
937 96 1274 141 AETATIBUS

135 168 174 199 H

38 229 130 260 abest
150 229 177 260 G
199 219 347 281 riam,
409 219 494 268 ubi
558 221 739 283 excipit
793 221 1003 270 Samson
1054 221 1395 270 inuincibilem
1446 222 1611 270 criniti
1662 224 1880 272 muneris

195 294 436 356 palmam,
493 293 610 342 dum
662 296 803 343 leone
858 296 1055 357 fortior,
1117 296 1245 343 ferro
1301 296 1490 358 durior,
1544 297 1676 346 solus
1730 298 1882 347 etiam

196 368 397 416 milleno
429 368 570 416 hoste
603 369 826 431 superior
850 370 1047 417 Dalilae
1078 372 1340 432 superatus
1370 370 1613 419 mollescit
1635 371 1877 434 amplexu.

197 440 327 498 Quos
365 458 464 490 non
502 443 747 490 uirtutum
783 459 948 491 muros
979 443 1132 492 libido
1164 446 1460 506 prosternat,
1500 460 1626 506 quae
1656 445 1878 494 Nazareo

130 532 149 565 5
197 519 247 564 et
300 516 459 564 diuini
512 517 728 564 muneris
783 533 975 566 comam
1029 517 1238 566 abscidit
1291 520 1341 566 et
1386 518 1642 580 priuatum
1691 519 1878 568 lumine

194 590 409 638 tenebris
457 591 681 638 exulauit
729 593 778 639 et
825 591 1003 653 quibus
1050 594 1166 640 ante
1213 592 1364 640 timor
1409 592 1572 640 fuerat
1608 593 1880 643 ludibrium

110 660 115 663 ⁷
194 664 422 713 reddidit.
479 662 667 713 Omitto
693 666 743 712 et
766 665 947 713 Manue
971 665 1131 714 filium
1155 666 1315 714 diuini
1345 666 1510 714 nuntii
1540 667 1879 716 enuntiatione

197 739 464 800 conlatum,
505 755 654 800 quem
691 741 851 787 mater
889 756 987 788 non
1024 740 1239 802 petitum
1277 740 1499 803 suscipit,
1538 742 1680 802 pater
1718 740 1879 790 obser-

119 822 182 864 27
198 812 417 861 uandum
455 813 518 860 ad
552 808 558 876 Ι
592 812 811 861 monitus
853 814 1073 876 expauit,
1120 815 1275 862 Israel
1317 814 1539 862 subitum
1576 814 1881 864 defensorem

129 903 172 934 10
195 886 488 948 promeruit,
541 886 776 935 Filisteus
840 888 991 936 etiam
1043 889 1410 936 interfectorem
1465 889 1669 936 inuenit.
1759 887 1879 937 Pro-

196 963 482 1009 sternuntur
520 961 752 1008 trecentis
798 962 938 1009 milia
976 962 1193 1024 milium,
1240 964 1290 1010 et
1329 962 1473 1010 discit
1509 962 1631 1010 belli
1667 962 1879 1011 uictoria

195 1050 343 1083 urceo
382 1035 705 1096 triumphare,
743 1051 843 1083 non
880 1037 1024 1084 ferro.

308 1108 435 1165 Quid
474 1125 589 1156 uero
629 1110 751 1157 haec
790 1110 955 1158 omnia
993 1111 1239 1158 humanae
1271 1110 1406 1158 uitae
1439 1113 1672 1172 conpetat
1709 1110 1879 1173 statui,

195 1182 597 1231 demonstremus.
651 1184 827 1232 Nonne
857 1184 910 1231 in
940 1185 1188 1232 tricesimo
1213 1185 1389 1246 quinto
1420 1185 1667 1232 humanae
1698 1185 1878 1233 aetatis

127 1272 170 1305 15
197 1272 324 1304 anno
363 1273 440 1305 res
479 1255 727 1305 uertitur?
788 1258 929 1307 Filiis
967 1259 1245 1321 laboratur3
1283 1260 1343 1306 ut
1380 1274 1509 1306 nunc
1548 1258 1790 1320 quosdam
1824 1258 1879 1307 in

194 1331 390 1379 laetitia
413 1335 678 1393 parentum
700 1334 844 1380 natos
870 1334 926 1380 ut
952 1331 1264 1380 Samuhelem
1295 1332 1533 1393 inuenies,
1564 1348 1695 1380 nunc
1727 1331 1880 1380 etiam

195 1408 252 1453 ut
293 1403 459 1467 Ophni
505 1407 554 1453 et
592 1406 766 1454 Finees
812 1423 911 1455 non
958 1407 1120 1455 solum
1158 1407 1211 1454 in
1248 1406 1405 1468 patris
1445 1408 1690 1468 quantum
1726 1406 1879 1454 etiam

194 1479 247 1526 in
304 1479 523 1528 filiorum
576 1480 871 1528 detrimento
924 1481 1184 1543 repperies.
1274 1480 1356 1528 Ad
1406 1496 1523 1528 uero
1577 1479 1880 1529 matrimonii

198 1552 391 1601 ordines
425 1580 494 1586 —
528 1556 739 1615 quantas
772 1554 1009 1603 sterilitas
1049 1555 1254 1602 damnat
1286 1557 1336 1602 et
1373 1555 1532 1603 forma
1571 1553 1877 1615 conmendat,

123 1641 170 1674 20
196 1627 321 1674 alias
377 1629 520 1675 ornat
572 1628 870 1690 fecunditas,
932 1629 1155 1676 maculat
1215 1628 1438 1676 foeditas.
1529 1627 1589 1675 In
1649 1627 1876 1675 omnibus
1960 1665 1967 1670 .

191 1701 441 1748 laudanda
479 1703 554 1748 est
588 1701 757 1748 diuina
795 1702 1070 1764 temperies,
1111 1702 1242 1764 quod
1281 1704 1330 1749 et
1367 1701 1602 1749 tristitiae
1635 1717 1692 1748 ex
1729 1703 1871 1763 parte

191 1774 397 1836 praebet
443 1775 678 1822 solatium
716 1791 776 1822 ne
822 1776 933 1836 plus
973 1778 1232 1824 consumat
1278 1778 1327 1823 et
1372 1774 1630 1837 superbiae
1669 1774 1872 1823 modum

191 1851 437 1910 temperat
475 1865 536 1896 ne
575 1849 686 1910 plus
727 1849 969 1898 adsumat.

969 1981 1106 2028 VIII.

34 2077 181 2109 abeetH
302 2071 607 2118 Praeteritus
646 2070 771 2118 liber
808 2070 1027 2118 iudicum
1066 2070 1297 2118 instituta
1333 2084 1591 2131 moresque
1623 2069 1870 2133 digressus

124 2160 167 2192 26
192 2145 440 2206 sequentis
479 2144 638 2191 libelli
675 2144 896 2192 ordinem
933 2144 1145 2206 peperit,
1185 2144 1236 2190 in
1275 2160 1371 2206 quo
1410 2159 1674 2206 regnorum
1711 2145 1870 2191 status

192 2234 459 2280 cursusque
497 2218 777 2280 principum
815 2218 1064 2282 gradatim
1101 2233 1131 2265 a
1169 2217 1308 2266 nobis
1348 2216 1639 2278 disponatur
1674 2232 1870 2265 necesse

117 2302 181 2345 28
194 2295 289 2354 est,
321 2293 424 2341 illic
454 2308 668 2354 namque
700 2292 847 2340 solita
878 2291 1169 2340 callositatis
1194 2291 1378 2338 duritia
1409 2284 1687 2357 coturjnata
1716 2290 1872 2338 Iudea

192 2369 446 2428 asper-atas
490 2366 543 2413 in
587 2366 970 2428 proteruitatem
1015 2365 1226 2414 ceruices
1274 2364 1420 2428 erigit
1467 2367 1517 2412 et
1553 2364 1715 2412 Deum
1759 2380 1871 2426 pro-

312 2490 334 2528 1
359 2499 449 2542 sqq.
482 2487 541 2540 cf.
572 2484 669 2527 Iud.
699 2490 767 2528 14.
796 2489 850 2528 16
1001 2488 1026 2527 7
1058 2484 1114 2539 cf.
1147 2483 1246 2527 Iud.
1274 2488 1328 2526 13
1481 2487 1533 2529 11
1567 2484 1625 2538 cf.
1657 2482 1758 2528 Iud.
1785 2486 1809 2526 7

193 2549 248 2588 28
272 2559 361 2601 sqq.
395 2546 453 2599 cf.
486 2545 506 2587 Ι
532 2543 654 2587 Sam.
681 2547 706 2586 8

309 2661 338 2698 4
374 2668 596 2698 nazareos
629 2655 674 2699 R
805 2658 831 2696 5
869 2653 1055 2710 priuato
1087 2652 1178 2697 RS
1299 2656 1325 2695 8
1366 2651 1682 2695 obseruandus
1714 2650 1810 2695 PR

193 2720 219 2759 9
253 2714 491 2758 subditum
513 2714 560 2758 R
668 2717 722 2755 10
753 2712 1001 2769 philisteus
1026 2711 1116 2756 RS
1221 2715 1275 2754 13
1307 2710 1434 2754 uitae
1466 2725 1535 2755 om
1560 2710 1656 2755 PR
1747 2723 1870 2776 com-

191 2775 358 2832 petant
383 2773 418 2817 S
445 2774 501 2827 cf.
522 2787 570 2828 p.
599 2775 747 2826 147‚8
855 2776 909 2815 15
940 2771 1181 2816 laboratur
1205 2796 1261 2802 —
1285 2772 1338 2814 ut
1371 2774 1424 2812 16
1456 2783 1527 2814 om
1550 2769 1586 2813 S
1694 2772 1747 2811 17
1774 2767 1874 2812 ofm

194 2833 230 2878 S
362 2837 416 2876 18
447 2829 649 2888 reperies
681 2830 711 2875 S
825 2832 876 2874 at
906 2830 1000 2875 RS
1134 2833 1187 2872 19
1221 2830 1398 2884 quanta
1430 2827 1467 2872 S
1557 2826 1752 2884 'dapnat
1783 2827 1821 2872 S

195 2897 250 2936 28
285 2891 422 2952 solite
447 2890 483 2935 S
