1976 3120
607 116 809 163 MUNDI
837 114 916 161 ET
945 113 1201 160 HOMINIS
1638 114 1740 167 131

67 250 147 310 ut,
186 261 309 309 quos
348 244 466 294 ordo
504 242 779 307 scripturae
817 241 1046 290 dicendos
1084 240 1315 304 exigeret,
1351 237 1552 288 illorum
1590 241 1745 288 nomi-
1757 191 1807 223 H·

67 321 212 370 nibus
257 319 336 367 uti
371 318 571 382 penitus
610 334 709 366 non
753 316 935 365 liceret.
1013 314 1110 363 Sed
1148 314 1339 363 dicetur
1375 313 1518 362 mihi:
1564 314 1747 362 mirum

67 410 193 459 opus
237 409 337 442 non
383 395 532 454 esset,
587 393 630 440 si
676 390 920 440 districtio
969 389 1119 437 huius
1163 389 1237 437 rei
1282 387 1593 451 quaerendae
1647 404 1746 436 non

65 467 393 518 intercideret.
475 468 608 530 Ergo
653 464 1012 528 praetermissis
1064 462 1223 511 libelli
1272 462 1528 525 principiis
1580 478 1747 510 rerum

18 588 23 608 ,
64 542 206 592 nobis
237 541 410 590 exhinc
441 540 709 590 sumendus
741 541 815 587 est
844 541 998 586 tenor.
1060 537 1255 602 Uiginti
1284 537 1442 600 igitur
1473 539 1524 585 et
1554 536 1747 585 duobus
1770 553 1790 586 5

18 609 20 621 ¹
66 616 320 666 elementis
350 630 498 678 penes
529 614 748 662 Hebreos
785 613 902 662 ordo
939 612 1175 675 loquendi
1206 611 1497 674 disponitur,
1531 626 1633 660 uno
1663 610 1744 659 iti·

0 739 2 741 ,
66 691 179 740 dem
209 690 487 753 superiecto
517 691 715 737 nostrae
746 688 948 750 linguae
972 686 1208 749 profusio,
1241 686 1326 734 sed
1349 687 1400 734 et
1420 681 1746 750 Rom<an>ae

66 764 341 828 colligitur,
380 763 455 812 sin
490 779 609 811 uero
647 762 826 810 tertiae
865 763 1154 823 sequentem
1189 760 1388 808 litterae
1427 759 1746 822 superieceris

65 838 277 903 signum,
310 838 494 887 Grecae
523 837 724 900 linguae
755 850 949 884 necesse
973 838 1048 883 est
1077 835 1328 898 integrum
1358 835 1417 882 ut
1444 836 1748 882 monstretur

26 940 38 978 i.
67 913 308 962 effectum.
391 913 524 975 Ergo
579 927 639 959 ex
691 926 790 973 quo
843 910 896 957 in
947 909 1024 958 his
1070 909 1300 972 operibus
1348 907 1558 956 Grecum
1603 924 1744 972 prae·
1771 925 1813 958 10

67 987 213 1036 cessit
247 986 517 1050 ingenium,
556 986 752 1048 oportet
788 984 1016 1046 deinceps
1054 984 1251 1031 nostrae
1288 982 1490 1047 linguae
1528 982 1747 1031 medium

31 1051 35 1055 ⁴
67 1061 290 1110 ordinem
327 1060 580 1123 consequi,
628 1074 726 1121 quo
772 1075 872 1107 non
915 1058 990 1106 bis
1029 1057 1254 1106 duodeno
1300 1058 1383 1105 uel
1421 1057 1496 1105 bis
1533 1057 1746 1120 undeno,

28 1156 34 1178 s
69 1135 156 1184 sed
192 1134 360 1183 Grecis
396 1150 496 1182 uno
544 1134 785 1181 elemento
824 1132 1066 1181 subducto
1107 1134 1157 1180 et
1193 1131 1400 1180 Hebreis
1437 1147 1538 1180 uno
1577 1147 1745 1194 super-

64 1209 280 1271 inposito
326 1208 501 1257 unicus
539 1207 657 1256 ordo
695 1206 864 1266 Libico
910 1199 1230 1274 monlstretur
1264 1206 1318 1253 in
1356 1222 1575 1254 numero.
1651 1206 1745 1254 His
1760 1218 1789 1258 4

67 1299 183 1346 ergo
221 1283 406 1347 uiginti
437 1284 486 1329 et
522 1281 682 1330 tribus
722 1281 1075 1329 elementorum
1112 1279 1300 1344 figuris,
1336 1279 1390 1327 in
1422 1280 1603 1342 quibus
1635 1281 1743 1328 uni-
1770 1297 1812 1331 15

0 1393 6 1396 -
66 1373 242 1406 uersus
286 1357 522 1419 loquendi
567 1371 740 1404 cursus
786 1355 1058 1420 colligitur,
1107 1354 1281 1402 mundi
1316 1354 1475 1416 ipsius
1511 1354 1745 1403 hominis-

66 1447 164 1494 que
204 1431 425 1479 discretis
470 1429 776 1492 temporibus
823 1430 1017 1477 ordines
1057 1444 1384 1490 coaequemus
1422 1444 1616 1477 necesse
1657 1431 1744 1477 est.

0 1509 2 1569 s
64 1505 125 1553 In
161 1505 215 1553 id
251 1505 395 1567 enim,
436 1507 486 1553 et
522 1504 667 1552 homo
708 1504 841 1566 quod
879 1503 1052 1552 crescit
1090 1506 1140 1551 et
1184 1502 1398 1551 mundus
1439 1503 1572 1565 quod
1613 1503 1747 1551 uiuit

67 1582 119 1628 et
169 1594 402 1627 numerus
456 1579 810 1626 elementorum
865 1578 998 1640 quod
1051 1577 1325 1640 colligitur,
1384 1577 1642 1625 inuenitur
1691 1577 1745 1625 in

65 1655 234 1702 nostro
289 1653 414 1701 libro
468 1668 634 1700 rerum
688 1651 910 1700 omnium
955 1666 1154 1700 concors
1208 1651 1438 1714 digestio;
1492 1653 1571 1713 ut,
1625 1652 1744 1699 dum
1768 1669 1812 1701 20

67 1727 234 1776 unitos
290 1726 621 1775 continentiae
667 1726 876 1774 nodulos
923 1725 977 1773 in
1022 1725 1243 1773 ordinem
1285 1725 1359 1772 rei
1404 1725 1618 1788 digestos
1670 1726 1743 1773 in-

0 1858 8 1862 ,
67 1801 298 1864 spexeris,
326 1800 551 1849 inuenies
583 1802 632 1848 et
662 1799 943 1862 plenissime
969 1799 1268 1862 conscriptos
1284 1799 1555 1861 *hominum
1585 1815 1745 1848 mores

0 1871 5 1887 ²
68 1878 119 1924 et
154 1875 328 1924 mundi
365 1875 606 1924 dilucidos
637 1874 832 1923 ordines
871 1875 921 1923 et
957 1874 1010 1922 in
1046 1874 1229 1922 litteris
1267 1888 1440 1922 cursus
1481 1873 1575 1922 sibi
1612 1874 1744 1923 simi-

67 1949 184 1998 liter
221 1951 546 2014 congruentes
591 1950 661 2010 et,
709 1949 842 2010 quod
887 1948 963 1997 his
1005 1947 1232 1997 omnibus
1270 1948 1589 1996 excellentius
1628 1948 1743 1996 emi-

0 2028 3 2030 ’
67 2024 203 2086 reriS,
240 2024 294 2072 in
331 2023 539 2088 singulis
569 2022 709 2070 libris
741 2022 950 2086 singulis
980 2022 1160 2071 litteris
1189 2022 1285 2070 rite
1317 2022 1585 2084 subductiS,
1625 2022 1744 2070 dum
1768 2039 1810 2073 25

0 2141 2 2144 ,
66 2097 256 2159 primus
292 2098 522 2160 primum,
560 2097 804 2145 secundus
842 2096 1126 2159 secundum,
1165 2096 1234 2144 sic
1270 2112 1427 2158 usque
1465 2098 1744 2159 postremus

188 2330 211 2370 1
252 2326 356 2383 quis
381 2327 424 2369 V
561 2330 588 2370 5
625 2325 762 2370 nobis
800 2339 869 2370 om
901 2325 936 2370 S
1067 2330 1090 2368 7
1125 2324 1383 2382 superiecto
1415 2342 1449 2369 ω
1496 2324 1741 2370 interiecto

68 2386 147 2431 Ho
198 2384 540 2443 superiniecto?
564 2385 637 2430 He
675 2400 713 2430 v.
748 2386 776 2429 l.
808 2388 866 2428 13
986 2398 1122 2428 roora
1154 2385 1198 2429 V
1235 2398 1392 2428 romae
1424 2402 1458 2428 ω
1503 2385 1742 2429 Romanae

11 2489 13 2491 .
67 2445 286 2503 Plasbery
392 2449 419 2489 8
450 2443 617 2489 tertiae
649 2445 915 2500 sequentem
946 2443 1132 2488 litterae
1157 2460 1192 2487 ω
1222 2457 1280 2488 sc.
1313 2446 1471 2488 tertiae
1499 2446 1744 2502 uiyesimae

127 2517 323 2561 sequens
346 2504 424 2572 130
515 2502 814 2561 superieceris
837 2520 872 2547 ω
903 2519 943 2548 υ.
970 2504 998 2547 l.
1026 2506 1053 2547 7
1162 2508 1187 2546 9
1218 2499 1443 2547 monstret
1472 2505 1617 2561 (eraso
1645 2506 1685 2562 ”)
1710 2504 1747 2550 S

130 2568 185 2608 10
232 2563 428 2608 effectu*
475 2565 623 2619 (erasa
668 2564 820 2608 littera
866 2578 885 2607 s
930 2567 982 2607 ut
1026 2563 1220 2619 videtur)
1251 2562 1287 2607 S
1386 2562 1613 2619 processit
1643 2563 1688 2607 V

0 2635 4 2637 ’
72 2626 125 2666 11
150 2623 359 2668 ordinem
382 2621 586 2666 medium
610 2623 654 2667 V
753 2626 807 2666 12
838 2621 912 2666 bis
937 2621 1149 2665 duodeno
1174 2624 1222 2665 et
1251 2620 1323 2664 bis
1349 2621 1393 2666 V
1498 2626 1550 2666 13
1585 2636 1741 2679 super-

48 2680 222 2742 ¹posito
247 2683 283 2727 S
370 2687 424 2726 14
454 2681 608 2738 libyco
632 2682 675 2726 V
754 2686 807 2725 16
840 2680 1078 2739 colligitur
1102 2681 1145 2725 V
1172 2679 1355 2738 colligit
1377 2680 1464 2726 PS
1542 2685 1599 2725 20
1630 2683 1742 2725 dum

0 2799 10 2801 ⁴
70 2742 140 2786 bm
164 2741 209 2787 V
313 2746 367 2785 21
400 2740 557 2785 unitus
585 2741 624 2784 V
712 2740 943 2800 ocinentie
968 2740 1003 2785 S
1086 2739 1285 2784 nodulos
1315 2755 1446 2785 erasa
1474 2742 1607 2785 hasta
1638 2747 1742 2786 ante

70 2813 103 2842 n
127 2799 164 2845 S
236 2799 552 2845 concinentiae
575 2799 787 2844 modulos
805 2799 882 2845 Ho
983 2804 1038 2842 22
1063 2798 1271 2843 inuenies
1296 2816 1330 2843 ω
1363 2801 1406 2855 (e
1430 2801 1482 2844 in
1504 2814 1581 2844 ras
1597 2800 1649 2857 S)
1671 2799 1740 2843 in-

0 2867 15 2896 ἱ-
71 2857 232 2903 uenias
249 2860 326 2905 Ηο
415 2862 473 2903 24
497 2858 738 2904 admireris
755 2858 792 2903 S
877 2863 931 2902 25
956 2857 1126 2902 litteris
1159 2857 1354 2916 singulis
1381 2859 1424 2904 V
1507 2864 1563 2902 26
1593 2873 1740 2915 usque

2 2945 12 2955 τ
70 2918 354 2975 postremum
382 2920 642 2975 postremus
667 2918 703 2964 S

13 2993 15 2996 .
1417 2992 1476 3035 9*
