1976 3120
177 110 246 164 58
782 112 1253 159 MITOLOGIARUM

105 187 149 220 M
1877 191 1935 228 St.

175 237 309 285 ribus
370 233 640 303 [praeesse]
697 239 874 287 uolunt
928 239 1080 287 simili
1131 240 1291 301 modo,
1346 241 1478 302 quod
1523 241 1755 290 arborum
1809 243 1860 291 et
1911 278 1913 281 .

176 312 439 359 fructicum
501 328 615 360 suco
678 315 945 376 augmenta
1004 313 1230 362 inculcet.
1308 314 1535 377 Denique
1597 315 1857 366 crementis

173 386 320 434 lunae
350 381 367 451 ΙΙ
398 386 588 435 abscisa
631 387 768 450 ligna
811 387 1104 435 furfuraceis
1143 388 1391 436 tinearum
1428 389 1839 438 terebraminibus
1854 399 1946 444 701

172 459 495 509 fistulescunt.
560 460 855 509 Nemoribus
890 477 1082 524 quoque
1116 462 1283 510 adesse
1309 462 1501 525 dicitur,
1534 464 1668 526 quod
1698 464 1856 517 omnis

127 550 150 583 5
175 534 374 582 uenatio
421 535 687 597 plusquam
732 536 874 583 nocte
921 538 1154 597 pascatur
1193 537 1368 598 dieque
1409 537 1635 586 dormiat.
1705 537 1856 585 Endi-

171 608 387 656 mionem
426 625 546 657 uero
578 611 829 670 pastorem
861 625 1052 658 amasse
1085 610 1265 658 dicitur
1296 611 1446 672 duplo
1479 611 1667 659 scilicet
1695 612 1856 674 modo,

86 675 93 679 ’
174 697 259 730 seu
307 683 438 744 quod
490 682 677 745 primus
725 682 980 731 hominum
1025 683 1290 732 Endimion
1344 700 1539 732 cursum
1591 686 1738 734 lunae
1781 685 1857 733 in-

83 768 175 809 100
187 756 401 818 uenerit,
456 757 584 804 unde
632 759 681 804 et
732 757 941 820 triginta
996 774 1149 806 annos
1200 755 1204 822 Ι
1256 759 1490 807 dormisse
1545 759 1726 808 dicitur
1771 759 1855 822 qui

165 831 297 887 ,nihil
337 831 463 878 aliut
499 831 552 878 in
591 830 697 878 uita
748 847 837 879 sua
876 831 971 879 nisi
1009 831 1123 880 huic
1161 833 1431 894 repertioni
1470 833 1682 895 studuit,
1730 833 1858 882 sicut

103 922 150 954 1ο
173 905 400 952 Mnaseas
454 905 506 952 in
560 905 719 967 primo
774 905 899 953 libro
963 905 1021 952 de
1075 906 1275 968 Europa
1337 907 1551 955 scribens
1605 907 1826 970 tradidit,
1841 900 1856 974 ΙΙ

173 979 276 1026 siue
331 979 462 1041 quod
522 982 773 1041 pastorem
826 979 1171 1027 Endimionem
1226 996 1415 1028 amasse
1470 981 1646 1043 fertur,
1709 981 1841 1044 quod
1853 990 1946 1033 702

171 1053 400 1100 nocturni
428 1053 562 1100 >roris
594 1053 781 1115 humor,
823 1070 970 1115 quem
1007 1070 1224 1115 uaporea
1262 1053 1477 1102 siderum
1508 1056 1657 1117 atque
1696 1055 1852 1118 ipsius

170 1127 317 1174 lunae
373 1127 648 1175 animandis
703 1127 966 1175 herbarum
1020 1128 1147 1175 sucis
1204 1127 1461 1190 insudant⁷
1522 1129 1855 1191 pastoralibus

171 1201 329 1262 prosit
367 1201 681 1249 successibus.
718 1198 725 1266 Ι
787 1197 803 1265 ΙΙ

81 1567 170 1608 101
848 1550 1064 1603 LIBER
1101 1549 1178 1604 HI
1854 1565 1945 1609 703

106 1690 148 1723 16
294 1672 587 1721 Inscientiae
649 1673 968 1722 formidolosa
1030 1673 1276 1736 suspectio
1338 1689 1531 1736 semper
1592 1673 1855 1722 excusandi

174 1747 367 1809 quaerit
424 1747 680 1809 suffragia,
737 1763 833 1809 quo
889 1747 1130 1809 quidquid
1181 1747 1465 1811 ignorantia
1517 1747 1856 1795 incursionum

171 1823 332 1868 mater
369 1820 667 1882 peccauerit,
719 1821 770 1867 id
808 1821 984 1868 ueniae
1033 1821 1261 1869 absoluat
1297 1821 1474 1882 petitio
1514 1837 1642 1882 quae
1682 1822 1853 1883 culpas
1912 1863 1913 1867 ,

172 1894 355 1942 uestire
388 1894 655 1943 consueuit.
721 1893 816 1942 Sed
849 1895 968 1956 quia
998 1910 1272 1956 numquam
1296 1895 1354 1941 de
1387 1910 1437 1942 se
1468 1895 1597 1942 male
1623 1895 1855 1943 aestimat
1912 1887 1918 1895 ’

104 1986 149 2017 20
173 1984 330 2017 sermo
380 1969 466 2030 qui
521 1968 584 2016 ad
634 1971 883 2016 amantem
935 1969 1146 2016 iudicem
1199 1968 1436 2030 mittitur,
1490 1968 1669 2017 idcirco
1715 1984 1854 2017 meae

171 2042 504 2104 simplicitatis
542 2042 797 2105 negotium
828 2044 929 2104 tuo,
969 2042 1178 2103 domine,
1216 2042 1481 2104 purissimo
1521 2042 1741 2091 commisi
1778 2043 1853 2090 iu-

174 2116 317 2178 dicio⁷
365 2117 519 2164 fretus
560 2116 679 2178 quia
727 2116 960 2178 quicquid
1006 2116 1213 2164 absurde
1253 2115 1499 2180 digestum
1538 2118 1612 2164 est
1658 2132 1757 2165 non
1794 2118 1855 2164 ut

169 2190 370 2238 inuidus
410 2189 640 2251 detrahis,
681 2190 766 2238 sed
804 2193 860 2238 ut
899 2189 1207 2238 doctissimus
1249 2189 1464 2253 corrigis.
1495 2185 1512 2254 ΙΙ

292 2381 313 2418 1
354 2389 569 2432 praeesse
600 2375 710 2420 DE
758 2389 828 2420 om
860 2392 895 2419 ω
1027 2376 1093 2434 et]
1134 2389 1188 2418 ac
1225 2375 1332 2419 TM
1453 2381 1478 2418 2
1518 2374 1737 2419 fruticum
1769 2373 1854 2434 Dp

230 2438 256 2478 5
287 2434 538 2490 plusquam
569 2434 768 2492 oc[DM]
815 2434 966 2492 plusq3
1000 2435 1063 2478 M
1100 2433 1204 2491 plus
1238 2434 1341 2479 DG
1386 2447 1457 2479 om
1479 2434 1530 2478 E
1556 2435 1613 2489 cf.
1640 2448 1687 2490 p.
1721 2436 1796 2488 62,
1823 2435 1854 2478 5

170 2499 211 2538 et
241 2493 377 2538 Arch.
410 2494 444 2548 f.
478 2494 555 2538 lat.
589 2493 825 2550 Lexicoyr.
853 2494 937 2538 XI
962 2496 1021 2538 77
1141 2497 1166 2535 9
1201 2492 1321 2536 aliut
1352 2493 1448 2538 PR
1495 2491 1695 2550 amplius
1726 2492 1853 2536 Rem

170 2551 302 2596 aliud
325 2569 359 2595 ω
430 2557 482 2595 11
509 2551 608 2596 siue
633 2552 778 2610 quod]
803 2552 928 2608 quod
958 2566 1029 2596 om
1044 2551 1126 2610 Ββ
1166 2551 1523 2607 quod-fertur
1544 2552 1616 2596 del
1632 2550 1854 2595 Muncker

233 2615 286 2653 12
317 2610 532 2654 humores
554 2611 681 2655 Bern
741 2609 1056 2668 uaporiaDG
1085 2610 1179 2655 cod.
1201 2610 1395 2655 Gotha‘n.
1415 2614 1472 2655 55
1505 2622 1708 2666 auporea
1725 2609 1853 2654 Rern

173 2668 334 2727 aporia
367 2686 401 2712 ω
455 2667 687 2724 ἀπόρροιαι
720 2670 942 2714 Muncker
993 2682 1198 2726 uaporea
1230 2669 1303 2713 He
1459 2668 1675 2724 syderum
1708 2668 1751 2712 T

177 2733 232 2772 13
263 2727 514 2785 pastoralis
548 2729 594 2771 P
682 2732 737 2772 14
767 2728 916 2785 prosit
946 2728 1004 2772 H
1007 2728 1096 2787 M2·
1119 2726 1304 2794 prosint
1334 2744 1368 2770 ω
1461 2730 1515 2770 15
1547 2725 1684 2770 Fabii
1713 2726 1852 2770 Plan-

175 2787 324 2831 ciadis
363 2785 603 2843 Fulgentii
648 2786 738 2830 uiri
781 2786 1030 2831 clarissimi
1066 2785 1415 2843 mtologiamm
1451 2785 1532 2829 lib.
1565 2785 1607 2828 11
1645 2784 1850 2843 explicit,

174 2845 342 2903 incipit
373 2845 453 2890 lib.
479 2845 543 2888 ΠΙ
565 2846 612 2891 R
643 2848 727 2890 sim
751 2863 786 2889 ω
818 2861 889 2891 om
918 2847 960 2890 Τ
1093 2849 1145 2889 17
1178 2844 1408 2901 quidquid
1435 2844 1530 2889 PR
1569 2843 1791 2900 quicquid
1814 2861 1851 2888 ω

236 2909 292 2948 22
325 2904 436 2960 quia
468 2919 538 2949 om
554 2905 652 2949 ΒΤ
739 2902 967 2961 quiaquid
982 2905 1091 2950 MT
1176 2906 1230 2948 ut
1259 2917 1353 2947 non
1383 2902 1568 2947 inuidus
1601 2903 1685 2948 αθ
