1976 3120
212 140 319 184 VIII
878 133 1215 184 PRAEFATIO

208 261 595 328 acquiescemus,
634 265 676 313 si
714 264 999 327 scriptorem
1031 280 1088 312 ea
1119 280 1268 326 quam
1302 263 1612 313 adhibuimus
1645 258 1886 315 scribendi

211 340 404 389 ratione
457 340 535 388 uti
585 338 803 402 potuisse
858 338 952 386 erit
1001 338 1268 400 probabile.
1351 338 1526 400 Neque
1578 341 1745 388 tamen
1792 335 1884 389 has

214 413 450 462 minutias
511 428 678 461 omnes
739 413 911 460 afferre
963 412 1107 474 potui
1161 411 1404 475 angustiis
1455 411 1602 461 huius
1656 412 1889 462 editionis

216 490 437 548 coactuS‚
485 502 634 550 quam
670 485 940 548 bibliopola
983 485 1354 534 liberalissimus
1392 485 1487 534 nisi
1525 489 1798 535 coartatam
1836 489 1890 535 et
1938 522 1941 523 ν

215 563 519 610 contractam
557 561 798 622 suscipere
836 559 1019 621 noluit3
1067 575 1218 621 quare
1257 559 1400 607 omisi
1443 559 1677 609 lectiones
1714 561 1890 623 quales

142 676 148 680 .
215 638 330 684 sunt
369 630 554 682 ‘uelud’
597 631 844 697 (omnibus
881 633 982 681 fere
1019 633 1139 681 10015
1169 625 1247 700 Η)
1286 627 1485 695 ‘adque'
1521 627 1631 701 (R),
1670 628 1886 697 ‘utpute'

221 706 340 772 (PR
369 725 417 771 p.
453 710 538 768 10,
563 701 619 773 8)
657 702 903 769 ‘quileuit'
946 703 1015 770 (R
1044 723 1092 769 p.
1127 709 1209 769 10,
1238 703 1343 770 18),
1375 702 1674 755 ‘delerabam
1704 701 1894 774 (PRH

216 799 262 845 p.
284 784 368 843 13,
388 778 497 845 19),
522 776 829 830 ‘sterelitate’
850 774 964 847 (PR
982 797 1028 842 p.
1051 782 1133 841 16,
1152 774 1223 847 8),
1249 775 1461 828 ‘uerilia'
1483 779 1594 845 (PR
1609 798 1655 844 p.
1676 783 1760 844 17,
1778 774 1889 848 11),

215 855 354 917 alias,
393 871 600 918 quarum
638 855 876 917 plurimas
915 854 1073 901 altera
1110 869 1284 902 manus
1320 853 1497 904 codicis
1527 855 1816 919 Reginensis
1838 855 1888 903 R

216 929 445 990 correxit3
483 931 532 977 et
561 945 860 991 quamquam
891 927 1234 976 difficiHimum
1266 931 1372 976 erat
1403 929 1582 993 eligere
1613 945 1741 991 quae
1773 928 1890 977 affe-

213 1003 394 1051 rendae
426 1006 600 1064 essent,
632 1017 757 1064 quae
789 1001 1102 1063 omittendae,
1131 1005 1299 1050 tamen
1330 1017 1470 1064 spero
1501 1019 1579 1050 me
1609 1018 1709 1050 non
1741 1002 1891 1050 nimis

213 1078 360 1140 longe
399 1092 429 1124 a
460 1079 594 1125 recta
624 1075 710 1124 uia
741 1075 1005 1136 aberrasse,
1044 1090 1348 1138 quamquam
1378 1076 1560 1124 nollem
1590 1091 1708 1125 casu
1736 1075 1887 1124 inter-

217 1142 414 1198 cidisset
449 1167 497 1212 p.
537 1151 619 1211 74,
646 1150 676 1198 5
723 1149 869 1197 lectio
915 1148 1135 1197 Palatini
1170 1149 1219 1197 P
1259 1152 1309 1197 et
1344 1149 1635 1213 Reginensis
1672 1150 1722 1198 R
1760 1164 1891 1212 quae

206 1226 290 1272 ‘est
343 1219 622 1286 ‘prodedit’,
685 1223 801 1285 quia
860 1239 978 1270 num
1030 1223 1282 1287 Fulgentii
1343 1239 1561 1272 sermone
1615 1223 1765 1286 digna
1823 1222 1891 1271 sit

220 1297 435 1345 dubitari
472 1299 650 1359 potest.
663 1291 702 1360 ¹)
776 1297 949 1358 Neque
986 1297 1146 1360 magis
1185 1312 1258 1357 ae,
1296 1313 1337 1358 e,
1377 1313 1417 1360 e,
1457 1312 1513 1345 oe
1553 1297 1765 1359 enotaui,
1805 1295 1892 1346 sed

219 1387 329 1420 cum
364 1371 636 1434 legentium
673 1374 730 1418 ut
766 1373 886 1432 puto
923 1370 1175 1418 commodo
1216 1386 1274 1418 ea
1311 1386 1426 1419 usus
1466 1386 1575 1419 sum
1610 1371 1797 1435 regula,
1833 1371 1893 1418 ut

215 1445 457 1492 uocabula
503 1444 689 1492 formae
726 1444 916 1506 primae
958 1459 1149 1506 semper
1184 1443 1237 1491 in
1276 1459 1333 1492 ae
1371 1444 1593 1492 finientia
1631 1444 1894 1493 scriberem

218 1520 418 1580 excepto
456 1517 582 1566 libro
624 1518 706 1579 qui
746 1520 880 1565 caret
916 1518 1085 1571 littera
1123 1533 1174 1578 a,
1226 1517 1398 1566 ceteris
1438 1521 1604 1565 autem
1643 1517 1765 1566 locis
1804 1533 1890 1580 op-

215 1592 362 1639 timos
407 1590 558 1638 libros
607 1606 834 1652 sequerer
880 1590 1038 1638 duces.
1121 1591 1516 1652 Praepositiones
1569 1594 1735 1638 autem
1780 1605 1892 1639 cum

219 1665 380 1713 uerbis
431 1664 686 1726 copulatas
734 1680 790 1711 ex
836 1664 1133 1726 optimorum
1177 1664 1413 1711 librorum
1461 1680 1553 1712 usu
1601 1665 1891 1726 plerumque

219 1739 318 1787 suis
349 1738 535 1799 formis,
572 1752 671 1785 non
700 1737 974 1785 immutatis
1006 1737 1202 1785 exhibui
1230 1738 1367 1785 nulla
1399 1737 1636 1785 adnotata
1666 1737 1891 1786 lectionis

216 1812 472 1859 uarietate.

329 1885 438 1932 Iam
498 1900 614 1932 uero
676 1884 739 1931 ad
798 1884 907 1946 ipsa
967 1884 1260 1932 recensionis
1323 1884 1537 1932 subsidia
1589 1884 1891 1932 accedamus.

220 1957 639 2021 Mythologiarum
671 1957 814 2018 enim,
852 1957 1157 2021 Uirgilianae
1190 1957 1534 2018 continentiae,
1574 1957 1892 2020 expositionis

221 2047 499 2080 sermonum
523 2030 838 2093 antiquorum
861 2031 955 2079 duo
982 2034 1175 2079 exstant
1202 2047 1379 2094 genera
1402 2031 1652 2092 librorum,
1684 2046 1894 2093 quorum

222 2105 447 2166 alterum,
479 2105 521 2153 si
550 2120 732 2167 paucos
764 2104 933 2153 eximis
965 2105 1112 2166 locos,
1142 2107 1398 2166 tamquam
1418 2104 1666 2168 integrum
1688 2104 1895 2166 praebet

220 2182 470 2226 auctorem
494 2179 701 2226 seruatis
726 2181 776 2226 et
799 2177 1020 2226 omnibus
1043 2178 1388 2240 prauitatibus‚
1421 2178 1596 2240 quibus
1619 2177 1895 2226 doctrinam

222 2267 362 2300 suam
413 2252 704 2313 maculauit,
759 2254 808 2299 et
861 2267 1079 2299 sermone
1128 2251 1324 2315 uulgari
1370 2267 1465 2313 quo
1518 2266 1634 2299 usus
1689 2254 1783 2313 est,
1834 2253 1895 2299 ut

220 2326 422 2373 minime
448 2325 493 2373 S.
518 2325 748 2373 Brandtii
776 2325 956 2373 iudicio
968 2318 1009 2392 2)
1043 2325 1297 2388 assentiar,
1329 2325 1414 2386 qui
1439 2324 1585 2373 nimis
1609 2323 1895 2387 corruPtum

218 2399 457 2446 librorum
509 2401 693 2447 statum
742 2401 900 2461 putat.
983 2398 1210 2446 Alterum
1253 2398 1526 2460 prauitates
1579 2398 1690 2446 illas
1742 2397 1895 2446 habet

223 2472 503 2520 emendatas
544 2475 593 2520 et
631 2488 916 2534 sermonem,
955 2488 1050 2534 quo
1088 2471 1246 2535 magis
1285 2487 1395 2519 cum
1433 2471 1543 2519 aliis
1575 2465 1893 2533 scriptoribus

222 2549 535 2608 congrueret,
603 2546 849 2607 plerisque
912 2546 1033 2594 locis
1095 2545 1347 2605 limatum,
1407 2561 1565 2607 neque
1624 2544 1892 2606 interpola·

219 2619 437 2667 tionibus
482 2623 650 2680 uacat,
697 2634 807 2667 cum
846 2635 884 2666 0.
916 2635 961 2682 g.
1001 2635 1047 2681 p.
1084 2620 1262 2679 12,10
1302 2619 1464 2681 glossa
1503 2612 1766 2666 ‘caelestis'
1803 2620 1894 2665 aut

223 2694 338 2740 a'nte
371 2695 457 2740 aut
487 2695 600 2754 post
628 2692 843 2740 Uraniae
874 2708 1051 2740 nomen
1083 2692 1251 2740 addita
1283 2692 1366 2751 sit3
1406 2691 1696 2740 emendandi
1725 2693 1893 2738 autem

342 2864 386 2919 1)
418 2861 474 2906 cf.
509 2875 631 2919 corp.
662 2861 796 2906 inser.
829 2861 928 2906 Lat.
953 2860 1038 2906 VH
1063 2865 1159 2906 140.

342 2923 386 2978 2)
419 2921 474 2965 cf.
511 2921 663 2966 annal.
694 2920 975 2965 Fleckeisen.
1010 2918 1170 2964 CXVII
1202 2921 1364 2977 (1878),
1397 2923 1495 2964 381.
