1976 3120
730 94 930 140 MUNDI
960 93 1038 139 ET
1068 92 1324 138 HOMINJS
1763 92 1863 145 141

183 222 420 272 luxuriae.
506 221 603 268 Illa
657 222 707 269 et
757 219 978 269 libidinis
1034 235 1199 268 amore
1245 220 1465 267 torretur
1511 221 1561 267 et
1613 219 1868 283 sanguinis
1889 167 1976 261 ῗῠὲει

183 296 420 345 effusione
454 295 711 358 polluitur,
751 297 804 343 at
840 310 960 343 uero
1001 295 1138 343 aetas
1178 295 1267 342 aut
1305 293 1517 341 amando
1550 295 1748 340 aestuat
1779 296 1870 342 aut

182 371 345 434 litigio
399 371 697 418 fermentata
749 371 974 432 uaporat.
1058 368 1154 416 Illa
1199 367 1417 416 alienum
1461 381 1617 429 rapax
1661 383 1870 430 regnum

181 444 397 507 inuadit,
444 444 537 492 iste
585 445 813 492 externae
860 445 950 491 aut
997 442 1164 491 uxoris
1212 443 1299 490 aut
1343 441 1475 490 filiae
1523 441 1719 504 quaerit
1766 456 1867 488 am-

182 520 393 582 plexum.
468 518 546 566 Ibi
589 533 841 567 murorum
887 516 1101 565 ambitus
1149 516 1200 564 in
1239 515 1536 564 distentione
1577 515 1868 563 admiranda
1894 532 1913 565 5

182 593 474 657 porrigitur,
519 592 617 640 isto
662 591 942 640 iuuentutis
981 593 1139 639 status
1185 590 1376 638 uirtute
1416 590 1568 638 etiam
1605 589 1869 638 roborante

181 667 419 716 firmatur.
483 665 613 723 Quid
650 665 807 730 igitur
843 665 1006 713 minus
1046 666 1097 712 in
1135 664 1422 714 huiusmodi
1458 663 1869 713 similitudinibus

184 740 550 804 aequiperabile
612 739 779 788 forsan
835 737 1117 802 repperies?
1217 738 1514 787 Sameramis
1567 736 1871 802 flagitiorum

181 815 239 864 fit
291 815 511 877 domina,
573 816 711 862 aetas
770 811 963 876 [ruinae
1019 813 1076 862 fit
1129 811 1267 876 filia,]
1326 813 1500 861 ruinae
1553 813 1612 860 fit
1665 813 1869 860 famula.

181 890 314 954 Ergo
367 890 514 938 homo
560 887 776 936 mundus
822 888 1004 949 minor,
1057 888 1110 935 in
1156 903 1253 950 quo
1302 889 1351 935 et
1397 890 1543 936 natus
1591 887 1870 936 ostenditur
1894 903 1937 936 10

183 966 233 1013 et
278 963 452 1012 similis
497 963 800 1026 repperitur,
854 962 925 1010 nil
976 962 1106 1010 inter
1149 964 1387 1024 utrosque
1431 961 1683 1025 repperias
1740 961 1870 1011 forte

182 1037 463 1087 distantiae.
554 1037 731 1085 Restat
786 1053 903 1101 ergo
956 1039 1014 1084 ut
1067 1039 1248 1098 quarta
1300 1036 1472 1083 mundi
1528 1038 1664 1084 aetas
1720 1038 1870 1098 atque

182 1111 395 1162 hominis
457 1111 723 1174 digerenda
787 1112 1114 1172 monstretur,
1186 1126 1314 1172 quae
1382 1110 1580 1173 quidem
1639 1110 1870 1158 Abrahae

184 1186 560 1235 similitudinem
596 1187 891 1248 tempusque
928 1184 1193 1247 possideat.
1229 1180 1235 1248 Ι
1895 1201 1939 1232 14

977 1318 1064 1365 IV.
1886 1327 1945 1369 14

293 1407 547 1456 Abraham
606 1407 762 1471 igitur
819 1407 1036 1470 primum
1089 1423 1288 1471 germen
1347 1406 1594 1468 iustitiae,
1655 1406 1708 1454 in
1771 1421 1868 1469 quo
1891 1417 1976 1449 abe-³1

184 1482 459 1531 maiestatis
492 1482 737 1530 ineffabile
768 1481 1107 1530 testimonium
1139 1480 1332 1542 claruit,
1366 1483 1415 1528 et
1447 1481 1589 1543 quasi
1619 1480 1721 1528 iam
1751 1483 1869 1529 noto

185 1555 630 1618 obtemperantiam
682 1556 951 1617 exhiberet,
1011 1555 1085 1603 ita
1146 1555 1508 1617 praeceptionis
1570 1555 1871 1603 famulatum

183 1629 426 1693 impleuit.
487 1629 665 1692 Itaque
695 1630 897 1678 iubetur
919 1629 1196 1692 relinquere
1229 1629 1509 1677 subitanter
1533 1644 1662 1691 quae
1693 1628 1872 1677 habuit

185 1706 235 1752 et
273 1718 503 1752 erraneus
544 1704 824 1765 quaeritare
864 1720 991 1766 quae
1029 1720 1128 1752 non
1166 1703 1329 1765 nouit,
1372 1703 1665 1765 praesertim
1703 1703 1781 1751 cui
1822 1705 1871 1751 et
1894 1720 1938 1753 20

183 1778 383 1841 ignotus
421 1777 716 1840 promiserat
754 1779 804 1826 et
842 1777 1120 1840 incognitus
1163 1776 1456 1839 imperabat.
1532 1777 1781 1826 Probatur
1817 1778 1871 1825 in

184 1851 470 1900 remissione
509 1851 815 1900 substantiae
853 1851 1187 1914 praecipiente
1228 1852 1377 1913 quem
1414 1867 1514 1900 non
1551 1853 1718 1914 norat,
1757 1868 1870 1914 pro-

185 1925 334 1974 batur
392 1925 445 1973 in
504 1941 665 1987 poena
724 1925 941 1988 corporis
1002 1925 1370 1974 circumcisione
1433 1927 1669 1988 operante
1728 1926 1869 1974 cuius

308 2072 362 2111 16
386 2082 476 2125 sqq.
508 2068 566 2123 cf.
599 2066 709 2112 Gen
739 2072 792 2111 12
929 2071 985 2110 23
1018 2069 1075 2123 cf.
1110 2066 1222 2111 Gen.
1250 2071 1304 2111 17

305 2191 330 2230 2
363 2192 412 2230 et
441 2199 551 2231 uero
576 2186 620 2230 V
697 2199 807 2230 uero
838 2185 953 2230 haec
987 2186 1118 2229 aetas
1144 2185 1232 2231 SP
1333 2199 1489 2230 amore
1514 2185 1551 2253 S
1643 2190 1672 2229 4
1703 2198 1868 2230 uxores

188 2245 235 2290 P
262 2247 345 2302 (em
367 2261 423 2290 m.
447 2247 551 2312 ree.)
663 2248 689 2288 5
722 2243 1006 2289 distensione
1031 2244 1068 2290 S
1168 2249 1194 2289 6
1225 2218 1308 2288 isti
1331 2245 1368 2290 S
1470 2249 1494 2289 7
1519 2244 1569 2288 in
1599 2243 1673 2289 his
1706 2244 1869 2288 simili-

187 2303 430 2348 tudinibus
461 2304 614 2348 minus
642 2304 683 2345 V
806 2309 832 2348 8
864 2305 912 2347 et
942 2303 1233 2372 quiperabile
1257 2304 1303 2348 P
1344 2303 1589 2361 aequipar-
1614 2303 1651 2349 S
1689 2306 1738 2348 et
1765 2317 1870 2361 pro-

187 2363 348 2408 babile
372 2364 417 2408 V
491 2379 522 2408 a
543 2363 674 2409 verbo
695 2362 928 2420 repperies
952 2364 1116 2420 incipit
1139 2364 1221 2408 cod
1236 2363 1283 2408 R
1363 2376 1645 2430 semeramus
1662 2363 1709 2407 P
1735 2363 1870 2408 semi-

189 2421 333 2466 ramis
357 2422 393 2468 S
419 2437 475 2467 m.
507 2437 591 2468 ree.
623 2424 675 2467 in
699 2422 745 2466 P
882 2427 908 2466 9
941 2424 1072 2466 aetas
1104 2422 1324 2466 iuuentae
1355 2421 1518 2466 ruinae
1543 2422 1580 2468 S
1686 2422 1741 2466 fit
1770 2422 1871 2467 filia

189 2480 366 2538 ruinae,
397 2482 452 2526 fit
481 2481 645 2526 ruinae
675 2480 854 2526 famula
877 2481 914 2526 S
955 2480 1117 2526 ruinae
1147 2481 1202 2524 fit
1230 2480 1329 2525 filia
1360 2496 1431 2526 om
1455 2482 1501 2526 P
1654 2487 1707 2526 11
1740 2495 1871 2540 repe-

189 2540 309 2584 ritur
332 2540 368 2586 S
461 2540 666 2599 reperias
690 2540 726 2586 S
759 2554 809 2585 re
842 2540 994 2598 peries
1025 2543 1257 2598 (suprascr
1281 2554 1309 2584 a.
1332 2556 1388 2585 m.
1413 2541 1517 2598 ree.)
1542 2541 1589 2585 P
1691 2546 1745 2584 14
1776 2541 1868 2584 Ex-

190 2599 326 2703 glicit
355 2599 475 2644 liber
505 2600 569 2644 111
608 2599 725 2656 absq
727 2556 843 2644 neg
983 2599 1152 2657 Incipit
1188 2599 1308 2643 liber
1330 2600 1415 2644 IIII
1448 2600 1623 2657 absque
1664 2600 1694 2644 d
1733 2600 1870 2644 Fabii

226 2657 376 2703 laudii
407 2658 631 2726 Gordiani
657 2658 894 2717 Fulgentii
916 2658 1018 2704 Viri
1042 2615 1298 2703 Clarissimi
1320 2659 1367 2704 R
1390 2660 1474 2704 rell
1496 2675 1536 2705 v.
1555 2675 1606 2717 p
1631 2662 1810 2715 134,14

192 2722 247 2762 16
270 2717 363 2762 fuit
391 2717 592 2776 primum
609 2718 646 2764 S
731 2718 933 2776 primum
963 2718 1072 2762 illut
1102 2731 1292 2776 germen
1315 2719 1392 2764 Ho
1513 2723 1567 2763 1⁷
1598 2718 1670 2764 ita
1700 2695 1870 2763 claruit

191 2777 269 2821 Ho
380 2778 418 2822 8⁶
449 2779 678 2835 (suprascr
707 2779 766 2822 al.
799 2793 856 2822 m.
897 2781 965 2836 (ut
998 2778 1194 2835 videtur)
1226 2779 1295 2836 ut)
1320 2778 1356 2823 S
1501 2782 1557 2822 20
1589 2792 1804 2823 erroneus
1838 2779 1874 2823 S

250 2840 304 2880 21
337 2836 511 2904 ignotis
534 2837 581 2882 R
743 2841 798 2881 22
831 2851 921 2905 que
946 2837 992 2882 R
1042 2850 1159 2893 quae
1192 2839 1275 2894 (em
1305 2852 1362 2882 m.
1385 2839 1489 2894 rec.)
1513 2838 1559 2882 P
1672 2839 1870 2882 nouerat
1943 2856 1949 2864 .

191 2893 239 2939 R
370 2901 427 2940 23
459 2895 759 2941 circucisione
784 2896 820 2942 S
859 2895 1152 2954 imperante?
1175 2896 1250 2941 He
