1976 3120
636 126 836 172 MUNDI
866 126 944 171 ΕΤ
975 124 1230 171 HOMINIS
1668 122 1771 174 133

1792 198 1840 231 H.

910 266 948 314 Ι.

201 355 422 404 Primum
461 355 617 419 igitur
651 354 825 403 mundi
860 357 1056 418 tempus
1094 352 1388 403 sumendum
1418 354 1493 401 est
1524 368 1583 400 ex
1612 352 1771 414 primo
1794 363 1887 394 abest
1902 362 1934 394 A

91 430 286 480 homine
331 430 668 478 infelicissimo
722 429 943 492 precepti
990 427 1222 478 dominici
1266 428 1567 476 contemtore
1615 428 1666 474 et
1716 442 1773 473 ex

93 505 199 554 eius
231 503 440 568 coniuge
471 503 570 551 uiri
603 503 840 567 simplicis
871 503 1157 566 seductrice,
1196 502 1250 550 in
1281 501 1462 565 quibus
1494 503 1545 549 et
1575 515 1773 562 serpens

0 611 5 643 5
91 579 290 627 inuidus
335 580 658 640 utrorumque
698 578 930 640 deceptor
967 577 1244 626 ostenditur
1282 579 1332 625 et
1376 575 1554 624 mulier
1598 574 1772 623 mortis
1797 590 1817 624 5

0 664 15 714 ’-
90 652 416 716 primordium
452 652 643 700 miseris
683 652 1044 700 successoribus
1076 651 1368 714 repperitur.
1431 649 1562 707 Quid
1594 649 1776 697 etenim

0 729 3 738 ⁸
89 727 279 790 profuit
308 727 392 774 uel
424 726 640 788 serpenti
671 725 805 788 quod
834 742 934 775 non
966 727 1101 775 solus
1132 725 1281 788 periit
1311 725 1393 773 uel
1421 723 1611 773 homini
1643 722 1776 785 quod

89 801 336 850 inlicitum
382 793 609 868 colmedit
654 801 737 848 uel
785 800 982 848 mulieri
1030 799 1163 862 quod
1215 799 1308 848 sibi
1360 798 1527 847 uirum
1573 813 1771 847 consen·
1791 809 1821 849 6

0 876 1 879 ’
90 875 299 924 tientem
337 874 517 937 effecit,
565 875 661 923 nisi
698 876 758 922 ut
794 874 847 922 in
887 874 1110 923 omnibus
1149 874 1269 922 iusti
1305 873 1477 922 iudicii
1514 872 1610 921 Dei
1646 872 1774 920 ultio

91 949 427 1013 processisset,
454 965 613 1011 neque
638 949 769 996 enim
793 949 1233 998 excellentissimus
1257 948 1341 996 ille
1365 964 1533 996 rerum
1556 946 1777 996 omnium
1800 963 1843 995 ιο

0 1072 3 1075 ,
93 1023 317 1072 conditor
364 1023 538 1071 mortis
585 1023 919 1085 muscipulum
962 1023 1016 1071 in
1068 1023 1237 1071 fructu
1281 1022 1531 1084 prohibito
1581 1021 1776 1083 indidit,

93 1097 180 1147 sed
225 1097 455 1146 deliciose
501 1098 562 1145 ut
606 1097 753 1147 homo
799 1098 994 1146 uiueret
1039 1113 1098 1145 ex
1147 1096 1448 1145 dinoscentie
1489 1112 1602 1144 eum
1638 1095 1776 1159 ligno

93 1171 346 1220 deterruit.
411 1170 564 1220 Cerne
598 1171 728 1219 enim
764 1171 896 1234 quod
934 1173 985 1219 et
1023 1171 1263 1233 serpentis
1299 1170 1523 1233 deceptio
1562 1169 1652 1218 sub
1691 1185 1777 1232 spe

93 1245 250 1294 diuini
301 1245 501 1295 honoris
553 1245 826 1294 inmittitur
880 1247 930 1293 et
982 1245 1162 1293 mulier
1213 1247 1452 1308 perpetue
1504 1243 1611 1292 uite
1665 1260 1776 1306 pro-

0 1365 6 1367 *
91 1320 324 1368 missione
346 1319 656 1382 compellitur
679 1322 730 1368 et
752 1320 833 1367 uir
847 1319 1091 1368 lenocinio
1114 1319 1326 1368 dulcoris
1350 1319 1403 1366 in
1428 1318 1778 1367 comestionem
1801 1334 1843 1367 15

91 1394 228 1457 pomi
274 1394 478 1457 gulosus
519 1394 790 1456 inpellitur.
865 1394 999 1457 Ergo
1045 1396 1337 1442 ueternosus
1384 1393 1470 1441 ille
1516 1392 1776 1456 priuignus

91 1468 252 1516 letitie
299 1467 387 1530 qui
431 1468 646 1530 primum
697 1483 846 1530 penes
901 1468 1148 1532 genitores
1193 1468 1305 1516 leno
1359 1483 1619 1530 pomorum
1673 1481 1778 1514 esse

0 1547 2 1550 ’
92 1542 378 1604 promeruit,
416 1542 521 1604 ipse
559 1542 611 1589 in
649 1541 764 1590 filiis
802 1542 990 1590 inuidie
1028 1542 1140 1590 leno
1181 1557 1285 1590 esse
1325 1541 1498 1589 didicit
1537 1540 1779 1590 seniorem

94 1615 360 1665 homicidio
413 1615 681 1678 perimens,
734 1616 979 1665 iuniorem
1033 1615 1296 1665 occidendo
1353 1615 1651 1678 disperdens.
1736 1612 1777 1662 Ο

93 1690 219 1738 nihil
265 1691 434 1738 tutum
481 1690 721 1752 serpentis
767 1689 990 1753 ingenio,
1044 1692 1101 1738 ut
1152 1691 1299 1739 homo
1347 1690 1435 1752 qui
1479 1689 1779 1752 principium
1803 1707 1846 1738 20

94 1764 198 1812 uite
246 1764 414 1812 extitit
457 1764 563 1826 ipse
608 1764 783 1813 mortis
824 1764 1039 1827 elogium
1077 1764 1217 1812 fieret
1261 1764 1473 1827 posteris
1514 1766 1564 1812 et
1600 1763 1780 1811 mulier

93 1838 373 1886 uiuentium
435 1838 656 1902 genetrix
718 1838 950 1887 interitus
1012 1854 1100 1886 sue
1163 1838 1395 1887 existeret
1446 1838 1614 1900 prolis.
1706 1837 1780 1885 Ue

93 1912 292 1974 mundo,
331 1928 392 1960 ue
430 1912 724 1974 hominibus,
764 1928 976 1975 quorum
1004 1912 1209 1960 initium
1242 1927 1387 1975 mors,
1429 1928 1638 1975 quorum
1667 1911 1780 1959 finis

94 1986 343 2034 iudicium.
437 1985 567 2043 Quid
621 1987 751 2035 enim
803 1986 996 2049 profuit
1045 1987 1234 2035 homini
1286 1987 1391 2035 uite
1446 2002 1640 2048 cursus,
1700 1986 1775 2034 cui

95 2059 356 2108 finiturum
379 2060 629 2108 decretum
660 2062 735 2108 est
763 2059 993 2122 tempus?
1054 2059 1208 2109 Omne
1241 2061 1371 2108 enim
1404 2061 1536 2123 quod
1566 2076 1778 2122 perenne
1803 2077 1846 2110 25

95 2150 194 2183 non
241 2134 451 2198 contigit
497 2150 599 2182 esse
641 2162 710 2167 —
751 2134 873 2196 quid
918 2133 1084 2182 uiuit‘?
1160 2135 1298 2183 Defle
1346 2151 1476 2198 ergo,
1524 2150 1675 2197 queso
1714 2136 1779 2195 te,

94 2208 263 2270 homo,
319 2207 453 2270 quod
498 2208 654 2268 uim‘s3
708 2210 972 2256 uentosum
1018 2208 1148 2255 enim
1194 2210 1269 2256 est
1323 2209 1455 2271 quod
1509 2208 1779 2267 extolleris;

97 2298 196 2331 non
221 2281 351 2329 enim
375 2281 549 2330 diuitie
572 2282 866 2330 morientem
889 2285 1122 2330 secuntur
1145 2299 1234 2330 nec
1264 2282 1472 2332 honores
1497 2282 1779 2344 corporibus

97 2358 327 2418 prosunt:
380 2355 542 2403 nudus
599 2355 688 2417 qui
740 2355 980 2403 mundum
1031 2355 1330 2419 ingreditur,
1385 2356 1544 2404 nudus
1595 2356 1779 2404 mundo

98 2429 364 2493 egreditur.
427 2429 504 2478 Sit
535 2429 638 2478 solo
678 2429 920 2478 inuisibili
951 2430 1040 2478 deo
1071 2431 1300 2492 perennis
1331 2430 1488 2479 honor
1516 2430 1570 2478 in
1600 2430 1778 2492 seculo,
1802 2447 1846 2479 30

98 2503 183 2565 qui
229 2503 397 2551 horret
436 2503 702 2567 excelsum,
742 2503 890 2568 erigit
929 2503 1172 2552 deiectum
1210 2507 1259 2552 et
1296 2504 1552 2554 hominum
1590 2519 1781 2567 semper

217 2634 242 2673 2
266 2643 356 2687 sqq.
389 2631 447 2685 cf.
473 2628 584 2674 Gen.
610 2633 637 2673 3
775 2635 829 2674 16
853 2644 944 2688 sqq.
977 2631 1034 2686 cf.
1060 2629 1172 2675 Gen.
1197 2635 1225 2674 4

215 2751 241 2791 3
275 2748 590 2805 contemptore
615 2747 701 2793 SV
777 2752 802 2792 6
834 2747 1062 2805 reperitur
1087 2748 1132 2793 V
1213 2753 1268 2792 13
1301 2748 1496 2793 detriuit
1519 2749 1564 2794 V
1643 2753 1697 2793 15
1729 2748 1778 2792 in

99 2819 170 2850 om
185 2805 280 2852 PV
334 2806 616 2851 comestione
631 2807 728 2851 PV
794 2811 847 2851 17
871 2807 1048 2865 primus
1074 2808 1119 2852 V
1185 2812 1239 2852 18
1271 2806 1378 2852 leno
1408 2809 1461 2852 in
1483 2823 1612 2866 marq
1635 2809 1728 2852 add
1746 2808 1782 2853 S

157 2868 214 2908 20
243 2864 389 2910 nichil
413 2866 448 2911 S
546 2870 601 2909 22
633 2865 835 2924 genitrix
860 2867 1006 2924 SVP,
1102 2866 1175 2910 sui
1198 2867 1245 2911 P
1342 2872 1397 2911 27
1429 2868 1676 2912 uentosum
1706 2868 1779 2911 est

98 2922 222 2968 enim
246 2923 283 2968 S
389 2929 445 2969 28
477 2927 732 2981 sequuntur
756 2925 842 2971 SV
948 2930 1003 2969 29
1034 2926 1186 2970 nudus
1219 2925 1322 2982 quis
1348 2926 1434 2971 SV
1543 2931 1599 2970 30
1632 2926 1720 2971 soli
1746 2925 1782 2970 S
