1976 3120
229 112 335 164 150
848 113 929 157 DE
960 114 1298 159 AETATIBUS

158 188 209 219 H.

65 248 157 280 abest
175 249 208 279 F
334 235 431 286 Sed
490 238 610 286 haec
672 240 838 288 omnia
895 240 1101 287 humani
1153 239 1526 287 similitudinem
1584 257 1684 289 non
1736 243 1908 289 carent

222 311 427 372 ordinis3
462 312 642 375 quippe
675 313 793 360 dum
822 313 925 360 iam
956 315 1118 360 aetate
1149 313 1435 375 plenissima
1466 316 1718 364 maturum
1747 315 1903 364 homi-

219 402 339 433 num
378 401 530 449 genus
568 387 908 450 Aegyptiacae
940 387 1120 435 aetatis
1151 388 1379 435 tenebras
1411 388 1624 436 caruerit
1653 391 1704 436 et
1732 389 1903 451 primi-

219 459 327 508 tiua
380 463 584 522 peccata
638 461 756 524 agni
802 461 1039 524 sanguine
1085 462 1393 511 considerato
1443 463 1714 525 necauerit,
1767 462 1904 511 rubri

175 551 197 584 5
219 534 371 582 maris
403 537 543 583 aestu
576 535 789 597 salsique
825 535 980 582 animi
1016 538 1208 584 tumore
1238 538 1490 584 transacto
1524 536 1679 584 dulcis
1711 536 1903 599 sapien-

219 608 320 656 tiae
380 624 563 656 manna
618 609 899 671 depascitur
953 611 1002 657 et
1061 610 1304 673 legalibus
1365 610 1641 672 praeceptis
1700 610 1902 660 inbutus

220 683 449 730 columna
511 683 744 730 scientiae
805 683 967 732 lucido
1023 683 1205 732 ducatu
1257 685 1523 746 praebente
1575 684 1711 732 uiam
1766 684 1902 733 uitae

220 772 443 804 securam
486 756 762 820 ingreditur
801 760 851 805 et
895 758 1275 819 promissionum
1312 761 1498 806 terram
1534 757 1761 806 laborum
1806 758 1902 807 dis-

219 831 412 892 pendiis
463 831 799 878 desideranter
844 834 1058 894 optatur.
1142 832 1305 896 Igitur
1349 835 1463 894 post
1500 832 1704 894 Moysen
1752 831 1904 880 eremi

153 923 197 954 10
220 904 393 952 ducem
441 907 489 952 et
526 904 892 968 Aegyptiacum
937 922 1295 968 percussorem,
1345 907 1463 954 dum
1515 906 1655 954 nobis
1703 906 1901 955 diuinus

218 979 369 1026 timor
406 979 529 1042 legis
570 980 850 1043 cognitione
890 980 1144 1042 claruerit,
1185 981 1356 1028 statim
1395 997 1424 1028 a
1462 981 1574 1028 Iesu
1611 980 1739 1029 bono
1779 980 1901 1029 duce

219 1053 525 1114 suscipimur,
573 1069 603 1100 a
650 1070 748 1115 quo
797 1054 948 1102 etiam
986 1054 1309 1116 repromissae
1354 1054 1678 1102 beatitudinis
1716 1057 1902 1102 terram

218 1127 507 1175 inducimur.
545 1122 550 1190 Ι

144 1214 208 1256 23
1007 1202 1119 1249 VII.

64 1303 156 1334 abest
173 1303 202 1333 G
329 1290 621 1338 Tricesimus
669 1291 915 1338 humanae
957 1291 1093 1339 uitae
1133 1307 1291 1338 annus
1333 1291 1624 1339 obuoluitur
1659 1291 1898 1339 librorum

151 1386 193 1417 15
217 1366 497 1412 nostrorum
527 1365 780 1412 uolumine
813 1365 1156 1427 disponendus,
1188 1365 1241 1412 in
1274 1381 1370 1427 quo
1402 1365 1603 1426 quidem
1631 1365 1902 1413 rationalia

216 1438 351 1485 uitae
390 1438 624 1486 instituta
662 1439 985 1487 monstranda
1024 1442 1139 1486 sunt
1175 1439 1462 1487 fluctuantis
1502 1439 1681 1487 aetatis
1722 1438 1897 1486 ebulli-

215 1512 435 1559 tionibus
476 1512 713 1574 defecata,
752 1513 897 1560 illum
934 1513 1047 1561 huic
1077 1513 1248 1560 mundi
1281 1513 1532 1561 conferens
1563 1514 1773 1575 tempus,
1812 1512 1902 1560 ubi

218 1585 435 1633 iudicum
489 1586 763 1634 dominatui
817 1586 1125 1649 dependebat
1177 1587 1450 1634 Hebraicus
1504 1587 1732 1648 populus.
1823 1585 1903 1634 Ibi

151 1683 195 1714 20
219 1659 401 1707 etenim
423 1659 598 1707 Annae
623 1660 1005 1721 conceptionalis
1037 1659 1280 1708 uiscerum
1312 1661 1589 1708 carceratus
1619 1660 1903 1721 perenniter

217 1735 390 1795 torpor
427 1733 710 1794 partificum
755 1734 1040 1795 perdiderat
1083 1734 1475 1795 mercimonium,
1523 1736 1574 1781 et
1619 1733 1898 1782 sterilitatis

218 1824 372 1855 neruo
427 1808 658 1855 catenata
710 1808 890 1854 natura
942 1807 1100 1855 bonae
1146 1807 1462 1855 fecunditatis
1511 1802 1753 1872 exul[t]at
1803 1807 1899 1855 fer-

217 1883 460 1943 mentum,
515 1881 647 1942 quod
701 1884 750 1928 et
794 1881 1078 1929 marcidulis
1126 1881 1414 1929 coeuntibus
1460 1881 1613 1928 uulua
1662 1881 1899 1929 folliculis

220 1954 460 2002 seminum
505 1955 722 2016 liquores
762 1955 1022 2016 despueret
1061 1958 1110 2002 et
1148 1955 1464 2016 pulchritudo
1505 1955 1783 2003 sterilitatis
1823 1955 1898 2002 fu-

154 2051 194 2084 25
219 2032 356 2077 scata
394 2028 573 2077 nebulo
611 2028 893 2076 maritalem
932 2029 1183 2076 adfectum
1220 2029 1272 2075 in
1311 2029 1479 2076 odium
1517 2030 1748 2076 uerteret.
1817 2029 1898 2076 In-

218 2103 385 2151 stabat
425 2102 576 2150 etiam
614 2119 673 2150 ex
703 2103 910 2150 aduerso
942 2103 1121 2151 sororis
1155 2103 1349 2150 aemula
1380 2103 1590 2151 creando
1621 2102 1898 2151 fecunditas

339 2264 390 2302 11
424 2260 482 2314 cf.
514 2258 649 2303 Deut.
676 2262 747 2314 31,
774 2263 797 2300 7
936 2263 992 2301 20
1014 2273 1105 2316 sqq.
1138 2260 1196 2313 cf.
1220 2258 1242 2301 I
1266 2258 1387 2302 Sam.
1416 2263 1438 2301 1

339 2412 361 2450 1
394 2405 610 2450 humanis
637 2407 729 2450 PR
776 2405 980 2450 humana
1004 2405 1041 2450 S
1081 2405 1274 2449 humani
1299 2406 1373 2450 He
1489 2405 1825 2450 similitudine*
1850 2406 1898 2451 R

220 2465 527 2509 similitudine
551 2465 587 2509 S
681 2470 706 2507 2
739 2465 929 2521 quidem
950 2464 1044 2509 RS
1119 2465 1220 2507 tum
1243 2466 1291 2508 P
1367 2464 1606 2508 hominum
1629 2465 1666 2510 S
1692 2465 1898 2510 omnium
1962 2506 1965 2508 ,

219 2525 316 2569 PR
458 2529 484 2567 3
517 2523 750 2584 egiptiace
775 2524 812 2568 S
916 2522 1121 2568 tenebris
1146 2523 1232 2568 SR
1261 2525 1335 2581 (ex
1364 2524 1598 2580 tenebras)
1730 2529 1759 2568 4
1789 2537 1896 2569 con-

219 2583 501 2636 sideratione
534 2585 734 2636 caruerit
763 2585 847 2640 (em
869 2598 925 2628 m.
951 2586 1053 2637 rec.)
1071 2583 1118 2626 P
1232 2587 1258 2625 5
1290 2583 1447 2626 aestus
1471 2583 1568 2626 PR
1681 2587 1706 2626 7
1737 2581 1899 2626 lucida

220 2643 440 2686 ducatum
457 2642 494 2686 S
572 2646 598 2685 8
622 2641 941 2699 promissionis
959 2642 995 2687 S
1057 2643 1183 2684 terra
1199 2641 1288 2685 SR
1311 2644 1458 2694 (erasa
1481 2642 1602 2684 linea
1623 2655 1767 2697 supra
1789 2643 1835 2696 a)

219 2707 245 2745 9
278 2702 467 2758 optatur
497 2701 692 2746 medium
780 2701 952 2745 heremi
981 2700 1017 2746 S
1118 2704 1174 2743 10
1206 2699 1492 2756 egiptiacum
1514 2699 1606 2744 RS
1707 2704 1762 2743 13
1793 2700 1898 2744 sub-

217 2762 403 2817 scriptio
433 2775 473 2805 v.
499 2775 549 2817 p.
573 2763 677 2815 134,
693 2764 751 2803 14
866 2765 920 2803 16
951 2758 1173 2804 rationali
1197 2759 1243 2802 P
1269 2760 1353 2815 (em
1383 2773 1438 2802 m.
1463 2761 1567 2815 rec.)
1683 2763 1735 2801 17
1767 2772 1899 2803 mon-

219 2820 377 2897 straiia
400 2848 437 2893 S
569 2852 623 2892 18
655 2848 774 2892 illud
797 2848 835 2893 S
942 2848 1181 2893 conferens
1201 2851 1323 2903 part.
1350 2846 1485 2890 absol.
1628 2850 1684 2889 22
1717 2845 1900 2890 exultat

221 2909 319 2954 PR
334 2899 370 2952 't
391 2909 463 2952 del
486 2907 560 2952 He
599 2907 867 2952 occultabat
890 2907 926 2952 S
1073 2910 1130 2950 24
1161 2905 1383 2962 despuere
1407 2905 1504 2949 PR
