1976 3120
187 123 261 174 44
808 123 1275 170 MITOLOGIARUM

113 199 165 230 M.
1888 202 1946 238 St.

187 250 430 310 percussis
462 250 643 297 iterum
675 252 750 298 est
780 251 832 297 in
856 251 1119 312 pristinam
1149 254 1379 299 naturam
1404 268 1678 301 conuersus.
1731 254 1871 302 Ideo—

188 339 283 385 que
330 323 446 370 dum
494 324 552 371 de
593 325 771 372 amoris
814 325 1056 387 qualitate
1104 327 1352 373 certamen
1389 326 1513 376 Iuno
1561 330 1610 375 et
1647 327 1874 390 Iuppiter

186 397 488 459 habuissent,
521 414 632 445 eum
655 398 869 446 iudicem
900 399 1232 461 quaesierunt.
1294 400 1386 447 Ille
1419 401 1543 448 dixit
1573 403 1673 450 tres
1701 402 1871 451 uncias

189 471 368 519 amoris
414 472 594 520 habere
641 473 806 519 uirum
853 475 902 520 et
950 489 1128 521 nouem
1174 474 1430 536 feminam3
1483 475 1606 523 Iuno
1655 475 1788 524 irata
1827 477 1873 524 ei

141 561 163 594 5
187 546 356 593 lumen
414 546 619 608 ademit,
680 546 906 608 Iuppiter
966 563 1083 595 uero
1146 547 1460 596 diuinitatem
1521 549 1566 596 ei
1620 550 1873 598 concessit.

107 662 113 666 .
190 618 366 667 Grecia
404 620 535 667 enim
576 623 816 682 quantum
856 622 1100 683 stupenda
1131 622 1402 683 mendacio,
1439 625 1638 670 tantum
1676 626 1750 671 est
1788 623 1873 672 ad-

186 693 414 741 miranda
461 697 757 757 commento,
813 695 1063 743 Teresiam
1110 696 1240 743 enim
1293 696 1346 743 in
1389 696 1591 744 modum
1635 698 1874 760 temporis

188 770 459 830 posuerunt
491 769 633 830 quasi
671 771 898 817 teroseon
942 769 995 816 id
1034 772 1109 817 est
1149 770 1340 818 aestiua
1379 771 1676 832 perennitas.
1738 771 1874 834 Ergo

190 857 248 889 ex
286 857 437 889 uerno
476 845 711 904 tempore,
752 843 882 905 quod
912 843 1239 891 masculinum
1279 847 1354 892 est
1394 845 1510 906 quia
1541 844 1712 893 eodem
1748 847 1873 893 tem-

120 933 166 964 ιο
190 932 308 977 pore
349 916 545 963 clusura
577 917 900 979 soliditasque
934 919 1009 964 est
1040 918 1328 980 germinum,
1370 918 1489 965 dum
1519 918 1748 967 coeuntia
1779 918 1873 967 sibi

187 989 385 1037 adfectu
425 990 661 1038 animalia
699 991 880 1039 uiderit
919 1007 1073 1053 eaque
1105 992 1249 1055 uirga
1286 992 1338 1039 id
1370 996 1446 1040 est
1482 993 1691 1040 feruoris
1731 994 1874 1041 aestu

185 1064 502 1125 percusserit,
555 1065 608 1111 in
660 1065 927 1112 femineum
981 1080 1151 1113 sexum
1205 1066 1533 1127 conuertitur,
1585 1066 1638 1113 id
1693 1069 1768 1114 est
1820 1067 1873 1114 in

189 1138 393 1185 aestatis
434 1138 689 1186 feruorem.
773 1139 889 1187 Ideo
929 1155 1046 1187 uero
1087 1141 1327 1187 aestatem
1371 1140 1423 1187 in
1460 1139 1662 1189 modum
1699 1155 1873 1202 posue,—

191 1213 307 1258 runt
346 1212 579 1274 feminae,
629 1213 761 1274 quod
801 1213 966 1260 omnia
1011 1213 1264 1274 patefacta
1303 1213 1473 1262 eodem
1510 1217 1733 1276 tempore
1772 1214 1875 1275 suis
1895 1258 1906 1273 ,

122 1301 164 1334 15
195 1288 450 1348 emergant
495 1286 742 1334 folliculis.
819 1287 887 1334 Et
933 1287 1050 1349 quia
1097 1285 1195 1335 duo
1242 1287 1546 1349 concipiendi
1593 1290 1708 1335 sunt
1751 1289 1875 1335 tem-

190 1375 334 1421 pora,
389 1359 519 1407 ueris
578 1362 626 1408 et
683 1361 931 1422 autumni,
986 1361 1162 1408 iterum
1220 1364 1458 1423 conceptu
1509 1361 1756 1424 prohibito
1811 1362 1875 1410 ad

195 1433 459 1494 pristinam
519 1434 648 1481 redit
701 1435 981 1498 imaginem.
1058 1435 1339 1482 Autumnus
1394 1435 1525 1483 enim
1584 1436 1656 1483 ita
1711 1435 1875 1484 omnia

194 1507 467 1555 masculino
529 1524 732 1570 corpore
795 1509 1048 1571 astringit,
1112 1525 1207 1570 quo
1270 1509 1546 1557 constrictis
1607 1509 1838 1558 arborum
1858 1503 1874 1576 Η
1932 1503 1936 1513 '

111 1591 172 1632 78
190 1580 328 1628 uenis
360 1574 545 1648 uiltalis
578 1582 683 1630 suci
714 1582 1060 1630 conmerciales
1083 1584 1374 1631 transennas
1406 1583 1584 1631 iterum
1608 1583 1854 1646 stringens
1867 1591 1964 1634 678

119 1671 163 1703 20
187 1653 419 1702 foliorum
442 1656 799 1703 marculentam
831 1656 1069 1703 detundat
1098 1657 1360 1703 caluitiem.
1415 1657 1642 1718 Denique
1674 1655 1864 1705 duobus

188 1727 281 1775 diis
319 1728 372 1774 id
410 1731 485 1776 est
524 1729 714 1777 duobus
746 1723 999 1777 elementis
1040 1729 1224 1777 arbiter
1263 1731 1530 1791 quaeritur,
1570 1730 1676 1793 igni
1714 1732 1867 1792 atque

188 1801 311 1863 aeri,
374 1802 433 1849 de
486 1803 699 1866 genuina
761 1803 942 1851 amoris
994 1803 1186 1851 ratione
1249 1803 1563 1851 certantibus.
1640 1804 1867 1866 Denique

186 1875 373 1923 iustum
411 1876 631 1937 proferat
669 1876 925 1936 iudicium,
971 1876 1025 1923 in
1062 1876 1419 1924 fructificandis
1466 1877 1597 1924 enim
1635 1877 1867 1940 germini-

185 1949 275 1997 bus
315 1950 466 2011 dupla
505 1950 607 1998 aeri
646 1967 797 2012 quam
842 1949 947 2013 igni
984 1950 1195 1998 materia
1234 1951 1475 2012 suppetit3
1524 1966 1608 1999 aer
1647 1951 1778 1998 enim
1817 1954 1870 1999 et

121 2039 164 2073 25
187 2023 391 2071 maritat
445 2024 496 2070 in
550 2022 705 2087 glebis
762 2027 812 2072 et
863 2023 1091 2085 producit
1143 2024 1195 2070 in
1249 2024 1380 2072 foliis
1435 2026 1485 2072 et
1538 2024 1771 2087 grauidat
1815 2025 1871 2072 in

188 2097 441 2158 folliculis,
473 2098 547 2145 sol
578 2114 695 2146 uero
726 2100 975 2145 maturare
1007 2100 1205 2145 tantum
1228 2098 1370 2146 nouit
1399 2098 1451 2145 in
1483 2097 1661 2160 granis.
1723 2097 1871 2160 Nam,

187 2174 244 2218 ut
281 2171 373 2218 hoc
412 2175 598 2219 certum
637 2172 724 2234 sit,
766 2174 962 2219 cecatur
1002 2172 1152 2219 etiam
1191 2187 1221 2219 a
1258 2172 1466 2234 Iunone,
1508 2172 1598 2219 illa
1636 2172 1872 2220 uidelicet

188 2260 359 2306 causa,
411 2246 541 2307 quod
578 2246 752 2294 hiemis
799 2248 991 2307 tempus
1041 2245 1167 2293 aeris
1214 2245 1383 2294 nubilo
1423 2245 1668 2309 caligante
1707 2246 1870 2310 nigre-

308 2390 330 2428 1
363 2399 604 2442 percussos
636 2403 666 2429 α
785 2387 955 2430 natura
986 2386 1081 2430 PR
1260 2390 1286 2429 8
1318 2387 1529 2430 tereseon
1558 2385 1662 2430 DG
1778 2385 1870 2430 teri

188 2444 312 2488 enim
345 2444 516 2488 dicitur
547 2447 671 2489 estas
698 2451 803 2502 post
832 2444 1100 2502 perennitas
1132 2445 1280 2489 detero·
1412 2450 1438 2488 9
1471 2443 1582 2501 quia
1611 2470 1670 2476 —
1699 2443 1869 2501 germi-

186 2518 298 2546 num
329 2518 399 2548 om
432 2505 474 2547 T
606 2509 661 2547 10
691 2506 899 2561 tempore
931 2519 1000 2549 om
1035 2504 1077 2548 G
1153 2503 1370 2547 clausura
1400 2505 1428 2561 β
1545 2508 1598 2546 11
1632 2502 1868 2547 adfectum

187 2562 283 2606 PR
295 2563 361 2620 H,
376 2563 448 2620 Μ1
516 2562 732 2607 affectum
776 2565 818 2607 T
877 2561 1032 2607 affecti
1078 2562 1120 2608 G
1181 2562 1243 2605 ad
1289 2562 1436 2606 fetum
1479 2562 1603 2620 ΕΗ,1
1762 2563 1866 2604 estu

187 2620 382 2664 feruoris
401 2622 443 2664 G
534 2627 588 2665 12
622 2621 671 2664 id
703 2624 775 2666 est
805 2622 873 2680 in]
905 2636 976 2666 om
1006 2622 1033 2680 β
1075 2620 1125 2664 id
1157 2621 1301 2664 estH
1337 2622 1429 2676 (sed
1445 2622 1531 2677 Zac)
1624 2623 1678 2663 13
1700 2632 1867 2676 posue—

186 2681 296 2723 runt
339 2679 389 2722 in
433 2680 623 2724 modum
657 2680 699 2724 G
850 2685 904 2724 15
944 2685 1152 2737 emergat
1183 2680 1466 2734 PRTBem
1614 2683 1668 2722 17
1709 2678 1867 2722 omnia

187 2737 257 2782 ita
289 2739 346 2782 H
427 2752 568 2783 masc.
604 2753 727 2796 corp.
760 2740 917 2783 omnia
952 2740 994 2784 G
1056 2764 1059 2766 v
1127 2743 1183 2781 19
1215 2737 1323 2781 iteri
1358 2737 1575 2781 PRTM
1607 2736 1737 2781 iteris
1765 2736 1868 2782 GD

187 2799 268 2854 (αή,
298 2796 422 2841 ueris
431 2799 467 2853 ‘?)
500 2797 669 2841 iterum
694 2799 750 2842 H
754 2799 881 2843 Rern
910 2797 1031 2842 uteri
1055 2797 1105 2841 E
1133 2796 1334 2840 'interius
1366 2797 1452 2841 edd
1480 2795 1866 2853 interstringens?

187 2857 263 2900 He
376 2860 431 2899 23
462 2856 639 2912 profert
669 2859 815 2902 detero·
844 2856 1047 2902 rectene?
1167 2860 1223 2899 24
1255 2854 1492 2912 suppetiat
1523 2855 1584 2898 M
1709 2859 1763 2898 26
1795 2853 1866 2898 sol

189 2914 315 2958 enim
346 2915 449 2960 DG
576 2920 630 2958 28
663 2915 850 2974 hiemis]
889 2915 1037 2974 gemis
1070 2915 1116 2958 P
1157 2928 1302 2972 genus
1327 2915 1373 2958 R
