1976 3120
185 108 255 162 32
801 110 1270 156 MITOLOGIARUM

108 185 169 288 ἐξ
421 236 549 284 XXI.
604 236 835 284 Fabula
873 236 1076 285 Persei
1116 239 1172 285 et
1213 236 1635 301 Gorgonarum.
1879 187 1935 223 St·

291 340 528 388 Perseum
558 341 725 388 ferunt
752 340 986 389 Medusae
1013 340 1272 405 Gorgonae
1303 341 1683 391 interfectorem.
1746 341 1867 391 Gor-

181 430 336 477 gonas
377 415 472 463 dici
510 415 782 462 uoluerunt
812 418 927 477 treS,
970 431 1184 477 quarum
1221 415 1383 478 prima
1414 414 1613 479 Stenno,
1652 416 1868 465 secunda

181 489 400 551 Euriale,
439 489 591 537 tertia
621 488 843 550 Medusa,
885 505 1100 551 quarum
1135 490 1255 552 quia
1292 489 1516 538 fabulam
1545 489 1776 539 Lucanus
1817 493 1883 538 et⁴

137 579 158 612 5
185 561 394 611 Ouidius
427 564 730 625 scripserunt
761 565 938 625 poetae
962 564 1400 628 grammaticorum
1431 564 1702 613 scolaribus
1732 563 1867 612 rudi-

98 671 103 675 ·
180 638 361 685 mentis
401 637 667 685 admodum
698 637 1016 700 celeberrimi,
1055 638 1182 687 hanc
1220 638 1445 686 fabulam
1477 638 1659 686 referre
1697 653 1867 701 super-

181 712 338 759 fluum
366 712 609 759 duximus.
673 711 983 760 Theocnidus
1016 711 1379 774 antiquitatum
1409 705 1853 780 hissstoriographus
1868 723 1959 766 656

182 786 335 834 refert
387 786 600 834 Forcum
656 801 823 850 regem
876 786 1051 849 fuisse,
1116 786 1203 848 qui
1253 789 1355 834 tres
1416 786 1543 834 filias
1595 787 1867 849 locupletes

183 860 496 922 derelinquit.
555 859 784 916 Quarum
821 860 1027 908 Medusa
1071 860 1230 909 maior
1269 876 1397 923 quae
1443 861 1610 908 fuerat
1646 861 1867 923 locuples

110 945 170 986 60
185 950 438 998 regnoque
471 934 674 983 colendo
706 926 1167 1001 fructificandolque
1200 935 1530 996 ampliauerat
1555 961 1624 967 —
1649 934 1780 983 unde
1820 935 1870 982 et

105 1025 157 1068 ,11
185 1007 349 1072 Gorgo
390 1009 523 1056 dicta
566 1010 641 1056 est
689 1009 833 1070 quasi
872 1009 1127 1072 georgig03
1178 1024 1295 1056 nam
1334 1007 1486 1057 Grece
1526 1009 1698 1071 georgi
1736 1008 1866 1072 agri-

182 1083 397 1131 cultores
444 1083 698 1144 dicuntur3
748 1082 1030 1145 serpentino
1076 1098 1196 1130 uero
1244 1083 1406 1145 capite
1454 1082 1565 1130 ideo
1605 1082 1739 1130 dicta
1778 1085 1867 1144 est,

183 1157 316 1218 quod
362 1157 576 1204 astutior
620 1157 795 1218 fuerit,
843 1157 984 1204 cuius
1033 1173 1242 1220 regnum
1287 1157 1510 1218 opimum
1546 1156 1755 1204 Perseus
1794 1156 1868 1204 in-

182 1230 356 1278 uidens
394 1231 554 1293 ipsam
595 1230 796 1293 quidem
833 1231 1086 1278 interemit
1126 1257 1195 1263 —-
1234 1230 1344 1278 ideo
1383 1229 1632 1279 uolaticus
1672 1229 1870 1292 dicitur,

118 1321 159 1353 15
184 1305 318 1367 quod
356 1305 571 1352 nauibus
609 1305 802 1352 uenerit
842 1332 933 1367 —,
974 1304 1111 1352 cuius
1158 1304 1320 1366 capite
1372 1304 1424 1351 id
1470 1306 1545 1352 est
1589 1304 1870 1352 substantia

183 1379 353 1427 ablata
400 1379 551 1428 ditior
595 1380 759 1427 factus
805 1396 904 1428 non
942 1394 1104 1441 parua
1140 1394 1295 1442 regna
1334 1378 1565 1427 obtinuit.
1641 1378 1869 1440 Denique
1931 1375 1934 1379 ’

185 1457 235 1501 et
271 1453 494 1501 Atlantis
541 1470 749 1516 regnum
793 1453 1033 1501 inuadens
1082 1452 1227 1515 quasi
1270 1468 1359 1514 per
1399 1451 1659 1515 Gorgonae
1706 1455 1870 1514 caput,

183 1528 235 1574 id
275 1531 349 1575 est
387 1544 476 1589 per
515 1527 847 1575 substantiam
886 1527 1010 1589 eius,
1059 1543 1171 1574 eum
1208 1527 1261 1573 in
1299 1528 1518 1575 montem
1555 1526 1718 1590 fugire
1758 1542 1868 1575 con-

111 1613 168 1654 61
186 1602 339 1663 pulit,
394 1594 538 1668 unlde
583 1602 636 1648 in
682 1603 901 1649 montem
947 1615 1213 1649 conuersus
1262 1615 1365 1648 esse
1412 1599 1607 1647 dicitur.
1683 1600 1870 1648 Tamen

119 1693 162 1724 20
188 1675 308 1737 quid
354 1675 446 1722 hac
492 1674 585 1722 sibi
630 1678 737 1723 tam
787 1674 960 1722 subtili
999 1674 1090 1722 sub
1136 1667 1366 1741 illmagine
1414 1674 1631 1722 ornatrix
1678 1672 1853 1722 Grecia
1867 1683 1960 1727 657

185 1749 367 1797 sentire
406 1749 635 1810 uoluerit,
676 1748 936 1796 edicamus.
1016 1747 1272 1811 Gorgonas
1311 1747 1408 1795 dici
1445 1747 1715 1796 uoluerunt
1753 1750 1870 1810 tres,

184 1823 238 1870 id
276 1825 351 1871 est
388 1823 487 1870 tria
525 1823 728 1870 terroris
767 1837 969 1885 genera3
1018 1821 1208 1884 primus
1249 1821 1431 1883 quippe
1469 1823 1630 1868 terror
1669 1824 1743 1869 est
1782 1817 1871 1883 qui

184 1900 402 1944 mentem
441 1896 692 1959 debilitat,
732 1895 974 1944 secundus
1015 1895 1103 1957 qui
1140 1895 1388 1957 profundo
1430 1894 1645 1956 quodam
1681 1897 1869 1944 terrore

306 2057 330 2095 2
355 2067 493 2109 sqq.v.
511 2051 774 2108 myth.Vat.
794 2051 815 2094 I
832 2056 917 2094 130
934 2051 1181 2094 11112.113
1206 2018 1270 2093 11⁰1
1290 2054 1484 2106 14‚1—3
1567 2054 1596 2093 4
1612 2051 1669 2105 cf.
1694 2050 1867 2095 Lucan.

187 2112 348 2155 Phars.
376 2106 549 2155 IX·629
568 2126 667 2167 sqq.
770 2115 795 2153 5
828 2112 885 2166 cf.
920 2109 1052 2154 Ovid.
1086 2111 1273 2155 metam.
1298 2110 1363 2154 lV
1394 2113 1478 2154 617
1504 2123 1602 2165 sqq.

308 2265 330 2303 1
366 2259 579 2317 Gorgone
610 2259 668 2303 H
766 2258 834 2302 De
877 2257 1045 2302 Perseo
1078 2258 1129 2302 E
1273 2262 1299 2300 3
1342 2255 1592 2300 uoluerunt
1637 2255 1732 2300 dici
1762 2256 1813 2300 Ε

189 2318 371 2381 stennio
403 2320 452 2362 E
600 2323 625 2362 5
659 2317 856 2362 Ouidius
889 2317 1017 2362 Rern
1047 2318 1184 2361 Marc
1286 2315 1443 2360 bidius
1476 2315 1587 2361 RH
1625 2315 1795 2360 biduus
1833 2315 1876 2359 T

186 2378 328 2422 liuius
362 2395 395 2421 ω
564 2382 587 2421 '7
636 2375 909 2421 Theocritus
955 2377 1042 2421 edd
1137 2374 1439 2432 storiografus
1462 2375 1503 2419 T
1543 2373 1782 2433 istoriogr-
1813 2375 1873 2418 M

187 2436 546 2494 historiografus
571 2437 671 2495 (hy-
695 2437 766 2493 Ε)
799 2437 825 2495 β
945 2439 972 2478 9
1005 2433 1287 2490 derelinquit
1306 2435 1352 2479 R
1383 2433 1635 2489 dereliquit
1658 2450 1693 2477 ω
1726 2433 1866 2477 derel.

189 2495 476 2553 —locuples
509 2510 579 2541 om
597 2497 639 2540 T
743 2500 798 2539 10
829 2507 1116 2553 regnumque
1133 2493 1277 2552 HD&
1380 2497 1433 2536 11
1467 2491 1688 2549 georgigo
1719 2494 1811 2548 (-co
1832 2491 1876 2535 T

189 2555 328 2600 deleto
358 2557 490 2600 tertio
521 2570 553 2613 g
584 2555 699 2612 Η>α
745 2553 936 2612 georgio
968 2554 995 2613 β
1085 2565 1221 2610 grece
1244 2552 1382 2597 omE
1423 2550 1585 2609 georgi
1614 2563 1748 2608 grece
1768 2551 1812 2596 G

191 2619 246 2657 13
288 2613 514 2670 optimum
545 2615 658 2658 ΕΗ
683 2615 775 2670 (sed
819 2615 841 2657 t
878 2626 1076 2669 expumx.
1117 2612 1212 2656 ead.
1244 2612 1319 2667 m.)
1441 2609 1667 2653 inuadens
1700 2609 1806 2668 βΗ2

192 2677 249 2716 14
279 2672 508 2716 interimit
544 2673 586 2716 T
735 2676 789 2715 15
830 2670 1094 2716 substantia
1126 2696 1182 2702 —
1212 2669 1263 2712 id
1308 2670 1381 2713 est
1423 2682 1506 2726 per
1553 2669 1580 2712 l.
1613 2672 1674 2713 18
1712 2682 1782 2713 om
1817 2667 1874 2711 H

250 2736 305 2775 16
339 2731 543 2789 optinuit
587 2731 671 2790 Rp
761 2737 865 2776 ante
896 2732 962 2775 et:
1005 2728 1256 2786 pugnando
1296 2742 1399 2771 cum
1438 2727 1632 2771 Medusa
1675 2728 1722 2770 et
1766 2725 1869 2770 uin-

191 2790 336 2835 cendo
377 2789 627 2834 animosior
656 2790 808 2834 factus
848 2805 904 2835 ex
939 2795 1027 2834 uet.
1059 2789 1153 2833 cod.
1190 2787 1382 2831 Medius
1501 2790 1554 2829 17
1588 2785 1741 2842 capite
1763 2785 1874 2829 MT

191 2852 288 2894 -tae
319 2850 365 2895 R
487 2854 540 2894 18
571 2852 728 2894 monte
752 2849 875 2893 ΜΗ
972 2847 1123 2904 fugire
1155 2847 1217 2905 R,
1235 2847 1275 2889 T
1318 2845 1476 2903 fugere
1502 2862 1536 2888 ω
1660 2849 1713 2888 19
1745 2844 1869 2890 unde

192 2911 239 2953 et
269 2909 318 2953 D
