1976 3120
208 117 274 168 16
808 119 1282 166 MITOLOGIARUM

127 191 170 223 M
1904 201 1963 235 ,St-

203 242 332 289 tium
384 243 578 291 familia
630 244 1006 308 substantiaque
1068 246 1369 310 locupletem
1428 249 1588 297 filium
1639 251 1888 315 genuisse;

204 332 374 378 quem,
427 318 567 366 uelut
605 319 806 367 inormis
855 314 1174 386 subfflstantiae
1229 337 1577 386 successorem,
1631 323 1870 374 ineffabili
1887 335 1976 379 623

129 400 191 443 30
206 391 342 438 ultra
382 407 533 453 quam
570 394 845 455 paternitas
894 394 1120 458 exigebat
1165 396 1346 444 affectu
1386 413 1503 459 erga
1545 393 1551 461 Ι
1599 397 1758 446 filium
1807 399 1888 447 de-

205 464 366 512 ditum
403 465 445 513 is
487 467 572 528 qui
611 467 729 514 dum
769 468 986 516 adversis
1025 469 1254 518 fortunae
1300 471 1578 519 incursibus
1615 475 1886 536 raperetur,

160 555 180 588 5
206 555 304 601 quo
343 539 478 602 patri
525 541 770 589 crudelem
817 543 1041 606 geminae
1093 543 1318 592 orbitatis
1366 545 1743 608 derelinquisset
1789 547 1886 596 elo-

115 658 120 662 ,
203 613 342 676 gium
387 617 446 661 ut
486 617 535 662 et
580 616 888 677 posteritatis
938 618 1228 679 perpetuale
1269 619 1559 682 suffragium
1597 619 1888 684 denegasset

200 689 250 735 et
297 687 604 736 substantiae
658 690 1008 753 propagandae
1064 692 1277 740 subitam
1330 693 1740 755 interceptionem
1785 694 1886 743 obi-

199 765 343 809 ceret.
413 761 542 819 Quid
572 763 730 827 igitur
760 765 945 812 faceret
983 768 1072 813 aut
1109 766 1319 814 fecunda
1349 767 1623 828 paternitas
1662 768 1715 815 in
1745 768 1886 816 steri-

201 835 346 883 litate
378 836 612 885 damnata
650 840 740 885 aut
771 838 890 886 felix
921 839 1201 888 substantia
1230 841 1283 888 in
1316 841 1618 890 successione
1650 841 1885 891 curtata?

133 925 176 956 10
199 909 383 957 Parum
431 914 538 958 erat
577 914 636 958 ut
673 927 772 960 non
809 913 1015 961 haberet
1055 914 1186 975 quod
1222 914 1420 977 habuit,
1471 916 1566 963 nisi
1607 916 1759 964 etiam
1795 932 1888 965 nec

199 986 328 1031 esset
369 984 454 1046 qui
494 985 738 1033 obtineret
787 987 919 1048 quod
964 987 1216 1050 relinquit.
1294 988 1521 1051 Denique
1569 989 1750 1038 doloris
1798 1006 1883 1039 an-

200 1057 367 1120 gustia
407 1074 534 1120 quae
575 1075 767 1121 semper
804 1061 1013 1122 inquirit
1044 1061 1351 1110 necessitatis
1390 1063 1626 1111 solatium
1663 1063 1756 1111 filii
1789 1064 1883 1112 sibi

199 1131 518 1180 simulacrum
548 1133 601 1180 in
634 1134 805 1182 edibus
842 1135 1066 1183 instituit
1096 1136 1313 1198 dumque
1344 1137 1581 1185 tristitiae
1612 1138 1884 1186 remedium

200 1206 409 1267 quaerit,
449 1207 768 1255 seminarium
797 1204 813 1272 ξΙ
842 1209 1007 1271 potius
1041 1209 1222 1258 doloris
1254 1211 1448 1258 inuenit
1478 1211 1696 1260 nesciens
1729 1212 1862 1274 quod
1875 1223 1971 1266 624

130 1292 172 1326 15
196 1280 302 1328 sola
351 1280 415 1327 sit
461 1281 706 1329 medicina
755 1283 1066 1331 miseriarum
1121 1284 1328 1345 obliui03
1382 1285 1568 1333 fecerat
1621 1285 1753 1333 enim
1796 1286 1882 1334 ille
1946 1281 1960 1289 ’

194 1354 322 1401 unde
360 1354 524 1402 luctus
561 1357 940 1405 resurrectiones
981 1358 1034 1404 in
1073 1358 1175 1406 dies
1216 1358 1513 1421 adquireret,
1552 1375 1651 1407 non
1689 1359 1742 1406 in
1782 1376 1880 1422 quo

121 1435 178 1476 31
196 1428 359 1476 luctus
399 1429 631 1476 solatium
678 1430 938 1479 inueniret.
994 1428 1242 1494 'Denique
1284 1428 1289 1495 Ι
1331 1433 1520 1481 idolum
1565 1433 1754 1481 dictum
1792 1436 1880 1496 est,

193 1501 244 1548 id
283 1504 358 1549 est
395 1502 501 1550 idos
534 1502 666 1565 dolu,
707 1504 839 1566 quod
878 1520 967 1553 nos
999 1505 1176 1553 Latine
1216 1507 1400 1568 species
1433 1507 1615 1555 doloris
1655 1504 1897 1569 dicimusT‘(

194 1575 424 1637 Namque
455 1577 690 1625 uniuersa
721 1579 914 1626 familia
945 1579 996 1626 in
1029 1579 1214 1627 domini
1247 1580 1529 1628 adolatione
1554 1582 1642 1628 aut
1673 1576 1898 1630 corona?

127 1664 170 1695 20
192 1650 405 1711 plectere
446 1653 535 1698 aut
571 1651 713 1699 flores
753 1652 932 1700 inferre
973 1655 1060 1700 aut
1107 1653 1427 1702 odoramenta
1466 1654 1730 1702 simulacro
1770 1670 1876 1712 suc-
1932 1712 1934 1715 y

193 1723 395 1771 cendere
443 1728 714 1773 consuerat.
792 1726 1034 1774 Nonnulli
1090 1726 1241 1774 etiam
1294 1743 1551 1776 seruorum
1604 1695 1976 1805 culpabiles-dix&

192 1797 377 1844 domini
422 1798 606 1845 furiam
655 1799 898 1848 euitantes
947 1800 1010 1847 ad
1060 1800 1378 1849 simulacrum
1430 1802 1629 1865 profugi
1676 1802 1876 1850 ueniam

190 1871 507 1919 merebantur
545 1875 595 1920 et
635 1874 774 1935 quasi
813 1874 990 1921 salutis
1034 1874 1302 1923 certissimo
1344 1870 1361 1939 ΙΙ
1402 1875 1643 1924 conlatori
1678 1875 1855 1924 florum
1867 1884 1962 1929 625

310 2032 364 2070 15
396 2029 453 2082 cf.
485 2027 618 2072 Publ.
653 2028 750 2084 Syr.
778 2030 848 2073 ed.
881 2029 1039 2086 Meyer
1071 2035 1155 2073 250

308 2180 330 2218 1
366 2175 731 2232 substantiaeque
753 2178 795 2221 T
914 2181 939 2220 2
972 2177 1162 2222 inormis
1180 2179 1290 2237 PR,
1312 2179 1353 2222 T
1378 2177 1575 2222 enormis
1600 2195 1634 2221 ω
1718 2178 1867 2231 ueluti

190 2234 390 2307 enormis
424 2234 457 2291 (i
487 2250 588 2281 eras
618 2249 642 2279 e
675 2237 768 2281 add
798 2251 854 2280 m.
878 2238 926 2294 2)
943 2237 1007 2280 M
1105 2236 1250 2281 uellet
1279 2237 1530 2282 Seriverius
1679 2241 1704 2280 3
1737 2236 1867 2282 dedi·

186 2323 306 2381 tum]
341 2322 507 2367 dilexit
536 2324 671 2380 Neap
702 2323 954 2368 dilectum?
987 2326 1212 2383 Plasberg]
1328 2329 1356 2367 4
1385 2323 1510 2381 isqui
1540 2325 1742 2384 oc[DM]
1773 2324 1867 2369 his-

188 2380 269 2436 qui
293 2383 363 2440 M,
419 2382 550 2439 isque
575 2384 744 2442 ΒβΜ2
794 2389 972 2440 usque?
1019 2385 1247 2442 Plasbery
1275 2383 1481 2429 fuisse??
1513 2384 1588 2428 He
1718 2388 1743 2427 5
1776 2397 1867 2440 quo

186 2454 257 2484 om
281 2441 338 2484 H
343 2443 370 2499 β
461 2441 646 2486 crudele
663 2443 732 2500 H,
747 2444 854 2502 D2fi
957 2442 1303 2499 derelinquissit
1325 2443 1422 2487 PR
1469 2442 1801 2499 derelinquisse
1828 2443 1871 2486 Τ

187 2499 476 2555 derequisset
503 2502 560 2546 H
601 2501 927 2558 dereliquisset
955 2503 1086 2560 DM,
1133 2501 1381 2557 dereliquit
1413 2503 1440 2562 β
1531 2501 1734 2560 elogiam
1770 2501 1867 2547 PR

246 2562 271 2600 6
305 2559 352 2601 et
375 2561 429 2602 ut
451 2559 488 2603 δι
524 2561 566 2604 T
592 2562 640 2604 et
670 2562 723 2603 ut
740 2561 797 2604 H
916 2561 1165 2619 suffugium
1206 2560 1396 2618 Georges
1433 2561 1556 2606 Ann.
1589 2560 1864 2628 [fleckeisen.

187 2616 425 2662 CXXXV
451 2622 544 2662 768
664 2619 918 2677 denegasse
952 2621 993 2664 T
1141 2624 1167 2663 9
1199 2621 1363 2664 curata
1393 2624 1704 2676 suprascr-opto
1733 2621 1755 2662 t
1785 2632 1866 2662 cur

184 2675 288 2719 tata
313 2676 364 2719 E
407 2679 569 2721 curata
599 2678 745 2723 deterr
919 2684 973 2722 10
1005 2680 1107 2722 erat
1143 2692 1237 2722 non
1273 2679 1447 2722 habere
1479 2680 1507 2737 β
1610 2691 1697 2743 nec
1727 2691 1798 2722 om
1822 2677 1866 2722 G·

186 2735 281 2791 (sed
309 2738 494 2793 rasura)
519 2737 663 2781 deterr
800 2742 851 2780 11
884 2737 1078 2793 reliquit
1100 2738 1186 2796 Ββ
1199 2738 1327 2782 Rern
1441 2742 1495 2781 16
1528 2737 1788 2792 acquueret
1811 2736 1867 2780 H

182 2792 677 2898 ssssffiergtfoynzn
705 2798 851 2898 ἓξὲξ
865 2796 1148 2900 01013800ffl⁰³
1173 2793 1871 2913 ⁶1⁰3¹¹aff15ffii0³3ss⁰312⁰3tff

185 2915 239 2955 21
274 2914 578 2956 consueuerat
600 2913 763 2972 Deli,
889 2919 945 2957 22
977 2914 1216 2959 euidentes
1248 2915 1305 2958 H
