1976 3120
258 103 361 155 148
877 104 956 148 DE
988 104 1324 159 AETATIBUS

187 179 227 210 Η

92 239 185 272 abest
202 230 420 278 Fuitura
466 230 799 292 dependerant
844 231 1098 278 elementa.
1183 230 1346 294 Igitur
1389 232 1655 293 postquam
1699 231 1835 280 Deus
1883 234 1932 280 et

254 303 603 367 Aegiptiacam
649 304 970 366 iniquitatem
1014 306 1264 351 maturam
1307 304 1523 366 inspexit
1567 307 1618 353 et
1662 305 1933 354 Hebraicos

248 377 442 427 labores
504 381 726 427 maturos
784 378 1014 441 agnouit,
1077 377 1341 426 accedebat
1392 378 1468 426 his
1522 378 1668 428 Moisi
1719 380 1934 442 probata

246 451 444 500 iustitia
489 453 689 500 diuinae
743 452 936 516 gratiae
989 452 1221 514 praemiis
1266 452 1586 500 muneranda.
1669 453 1931 516 Extemplo

205 542 226 575 5
250 525 390 574 Sinai
426 527 608 575 montis
649 526 981 589 caligantibus
1020 525 1214 574 nebulis
1247 528 1480 574 aestuans
1519 542 1678 588 uapor
1715 529 1766 575 et
1803 527 1932 576 toni-

247 600 405 648 truali
450 601 651 664 mugitu
687 600 938 663 rugientia
984 599 1240 648 cauernosi
1281 600 1463 649 montis
1504 616 1684 648 arcana
1721 600 1932 663 pauidos

250 674 529 723 diuinitatis
577 674 892 722 testabantur
930 674 1196 736 aduentus,
1242 674 1370 738 ignis
1422 690 1619 736 quoque
1659 674 1820 724 hilaro
1858 691 1932 723 re-

249 748 517 812 migamine
565 747 903 796 coruscantior
948 747 1175 810 crispatis
1223 748 1399 797 anhelo
1447 748 1724 796 uibramine
1762 749 1933 812 ligulis

250 822 469 870 uirentes
529 822 640 869 rubi
700 822 920 870 ramulos
981 822 1195 871 innocua
1250 822 1526 870 cursilitate
1580 821 1831 871 lambebat
1882 824 1935 871 et

185 913 229 944 10
252 896 431 944 diuinis
495 896 743 959 gressibus
804 896 1119 944 uernularem
1178 896 1416 958 praebens
1471 896 1764 958 obsequium
1823 912 1936 944 cum

250 970 414 1018 herbis
461 970 762 1018 ludibundus
811 970 1022 1018 innoxiis
1070 969 1564 1032 praelambitionibus
1610 970 1932 1032 crispabatur.

249 1044 493 1093 Posthaec
531 1044 731 1091 diuinae
771 1060 968 1106 quoque
1006 1044 1143 1092 uocis
1183 1059 1322 1092 sacra
1360 1043 1566 1092 dulcedo
1601 1044 1818 1092 medium
1848 1043 1933 1092 ad-

250 1118 464 1165 mirandi
503 1118 726 1166 candoris
767 1118 1021 1166 silentium
1059 1118 1282 1166 scindens
1323 1117 1518 1180 enituit,
1550 1145 1620 1151 —
1652 1118 1695 1166 si
1733 1117 1934 1180 quidem

250 1208 349 1241 uox
395 1193 483 1240 illa
529 1192 625 1240 dici
669 1192 875 1254 poterit,
930 1192 1009 1240 cui
1059 1192 1165 1240 sola
1211 1191 1448 1240 diuinitas
1494 1191 1636 1239 testis
1683 1193 1759 1240 est
1805 1207 1933 1254 quae

185 1281 227 1314 15
253 1266 418 1314 emisit
473 1268 522 1313 et
577 1266 724 1315 Moisi
774 1265 950 1314 beatus
1005 1266 1204 1313 auditus
1259 1266 1347 1328 qui
1402 1266 1586 1313 meruit
1631 1293 1700 1298 —
1747 1265 1923 1314 dicens:

251 1335 433 1388 ‘Duros
471 1340 645 1402 populi
681 1339 780 1387 mei
819 1357 877 1387 ex
915 1340 1216 1402 operationis
1255 1340 1507 1403 ergastulo
1547 1339 1757 1403 gemitus
1787 1339 1933 1388 intel-

176 1414 351 1465 211exi
390 1417 439 1462 et
477 1406 755 1481 aqualticae
793 1413 965 1462 mortis
998 1414 1143 1462 exilio
1182 1413 1562 1475 praedamnatos
1599 1414 1934 1461 masculorum

251 1489 424 1550 partus
470 1487 682 1548 intendi,
731 1487 791 1536 ob
839 1504 990 1550 quam
1034 1505 1139 1536 rem
1186 1487 1313 1550 elegi
1356 1489 1406 1535 te
1444 1487 1730 1550 Egipticum
1773 1486 1932 1549 perdi-

251 1564 430 1624 torem,
490 1561 853 1610 Israheliticum
907 1562 1099 1624 ducem,
1161 1562 1514 1609 elementorum
1571 1561 1933 1623 imperatorem,

187 1652 231 1684 20
253 1651 512 1699 magorum
550 1635 816 1697 dominum,
854 1629 1118 1699 plagarum
1154 1635 1461 1699 magistrum,
1503 1635 1654 1682 maris
1694 1633 1846 1682 etiam
1884 1637 1935 1682 et

254 1710 509 1758 scissorem
541 1711 590 1756 et
621 1704 906 1757 dominum’.
967 1709 1144 1771 Itaque
1177 1708 1427 1756 descendit
1455 1707 1754 1770 Aegyptiaci
1781 1708 1932 1756 inter-

253 1783 353 1831 itus
378 1782 496 1831 deus
521 1782 606 1844 qui
629 1782 927 1845 Aegyptiaci
951 1782 1166 1830 criminis
1190 1782 1494 1845 migrauerat
1515 1797 1641 1829 reus.
1686 1781 1934 1829 Praebent

255 1856 545 1919 obsequium
569 1857 812 1903 elementa
835 1856 979 1904 unius
1010 1855 1223 1904 hominis
1252 1856 1460 1917 imperio
1492 1855 1757 1916 seruitura3
1789 1856 1933 1919 uirga

255 1931 407 1978 etiam
444 1930 584 1978 adest
621 1930 673 1976 in
712 1930 1000 1991 obsequium
1038 1929 1195 1991 ducis,
1233 1929 1285 1976 in
1326 1944 1423 1991 qua
1461 1929 1617 1978 omnis
1657 1929 1933 1977 substantia

190 2021 230 2054 25
254 2004 557 2067 pependerat
586 2003 905 2063 dominantis,
944 2003 1159 2065 primum
1190 2003 1320 2050 enim
1351 2006 1400 2050 et
1428 2003 1481 2049 in
1513 2002 1774 2051 draconem
1804 2018 1928 2051 com-

254 2080 449 2126 mutata
486 2077 722 2141 migrauit
761 2080 810 2125 et
847 2078 1064 2140 magicos
1103 2079 1363 2139 potentata
1394 2077 1626 2125 dracones
1666 2076 1932 2138 absorbuit,

255 2153 401 2200 discit
444 2152 635 2215 lignum
681 2154 852 2200 contra
897 2154 1128 2199 naturam
1174 2151 1447 2198 animatum
1490 2150 1735 2212 inrepere,
1788 2149 1934 2204 discit

255 2226 381 2290 ligni
403 2226 633 2273 materies
657 2225 901 2273 animatas
924 2225 1107 2272 bestias
1130 2227 1458 2272 transuorare.
1509 2223 1732 2272 Desudat
1753 2225 1932 2272 natura

257 2316 360 2348 esse
401 2300 532 2362 quod
576 2315 675 2347 non
714 2302 840 2361 erat,
888 2299 1005 2346 dum
1048 2301 1216 2346 tamen
1253 2298 1446 2360 Moyses
1487 2298 1764 2346 ostenderet
1802 2296 1932 2359 quod

375 2429 401 2468 5
414 2439 504 2482 sqq.
518 2426 574 2480 cf.
593 2425 737 2469 Exod.
754 2430 822 2481 19,
836 2430 888 2470 16
953 2429 977 2468 7
990 2439 1080 2482 sqq.
1098 2426 1155 2480 cf.
1170 2424 1312 2468 Exod.
1330 2429 1355 2467 3
1418 2428 1473 2467 23
1485 2438 1575 2482 sqq.
1588 2425 1646 2479 cf.
1660 2423 1804 2468 Exod.
1821 2429 1859 2468 7.
1876 2427 1932 2467 10

378 2547 400 2584 1
435 2528 721 2599 ἁθρθηᾶθτὲἠ
750 2545 799 2599 (n
830 2543 924 2587 add
952 2557 1008 2587 m.
1033 2544 1136 2599 rec.)
1159 2543 1206 2585 P
1231 2543 1288 2597 cf.
1307 2544 1480 2598 p.147,
1497 2544 1528 2585 8
1559 2539 1937 2598 dependebantS

317 2604 343 2642 3
374 2601 525 2656 moysi
547 2601 641 2646 RS
748 2606 774 2645 5
807 2600 942 2657 synai
964 2601 1056 2646 RS
1163 2606 1189 2645 6
1222 2601 1425 2644 archana
1448 2600 1542 2645 RS
1640 2603 1665 2642 7
1697 2598 1860 2654 hylaro
1883 2599 1931 2644 R

256 2657 400 2702 hilari
422 2659 458 2704 S
567 2664 593 2703 8
625 2659 817 2717 lingulis
848 2662 1027 2705 videtwr
1056 2661 1125 2715 eff.
1158 2674 1213 2704 ex
1245 2658 1429 2716 angulis
1453 2658 1490 2703 S
1599 2662 1654 2701 10
1684 2657 1930 2702 uernularc

257 2717 350 2763 RS
488 2723 545 2761 14
576 2718 837 2772 diuinitatis
862 2720 908 2763 P
942 2721 1146 2776 (eoepunx
1181 2733 1238 2762 m.
1270 2720 1374 2775 rec.)
1525 2721 1579 2760 15
1609 2715 1760 2772 moysi
1783 2715 1875 2761 RS

259 2777 419 2821 diffiR
452 2776 546 2820 dici
578 2777 720 2822 sibiS
808 2783 861 2821 17
893 2776 1208 2834 pdapnatoss
1288 2781 1342 2819 19
1373 2774 1573 2819 isrtiticfi
1597 2775 1634 2820 S
1711 2780 1765 2818 21
1799 2773 1928 2835 egip-

257 2835 372 2879 tiaci
395 2836 431 2881 S
563 2841 617 2879 22
651 2835 874 2894 aegiptici
896 2838 942 2881 R
989 2834 1212 2896 egiptiaci
1234 2834 1271 2880 S
1400 2838 1455 2878 25
1489 2835 1672 2878 mutata
1701 2836 1930 2892 (suprascr

259 2909 346 2939 con
375 2910 432 2940 m.
463 2897 566 2952 rec.)
591 2895 638 2938 P
766 2900 821 2939 29
854 2896 1118 2940 ostenderet
1148 2907 1248 2939 esse
1279 2893 1404 2950 quod
1433 2893 1628 2937 uidebat
1651 2891 1687 2938 S
