1976 3120
723 156 1063 203 PRAEFATIO
1671 160 1735 203 IX

57 283 274 334 studium
304 282 615 348 cognoscitur
643 300 689 347 p.
725 285 809 345 69,
835 285 919 344 23,
959 298 1055 346 quo
1094 282 1201 330 loco
1243 282 1428 331 scribae
1464 298 1552 345 pro
1585 284 1734 332 uerbo

57 353 323 420 ‘ardescit’,
376 357 493 420 quia
544 357 859 406 transitiuam
912 356 1258 405 desiderabant
1284 382 1287 385 ·
1311 356 1735 420 significationem,

57 427 316 481 ‘accendit'
343 431 714 480 substituerunt.
757 431 930 494 Neque
954 431 1101 479 aliter
1122 446 1226 479 rem
1248 431 1302 478 in
1318 431 1598 495 Uirgiliana
1623 447 1734 480 eon-

54 505 267 555 tinentia
298 521 348 554 se
378 505 558 554 habere
590 505 710 554 satis
742 522 798 553 ex
822 522 869 568 p.
896 506 980 568 87,
1003 507 1067 553 21
1104 508 1334 568 apparet3
1364 504 1737 568 inscriptionem

60 580 190 629 enim
214 579 456 643 epistulae
489 595 614 643 quae
641 582 715 628 est
737 574 955 628 ‘domino
979 575 1173 628 merito'
1202 572 1286 646 (cf.
1311 578 1527 627 Luciferi
1551 596 1625 642 ep.
1642 573 1739 647 VI)

59 667 169 704 cum
213 669 311 702 non
364 654 639 716 nouissent,
693 656 781 702 aut
828 649 1044 702 ‘domino
1097 648 1347 702 meritum'
1395 656 1483 702 aut
1534 649 1742 702 ‘domini

56 723 305 777 meritum'
338 728 617 776 coniectura
649 727 932 789 effecerunt,
968 727 1119 775 iidem
1150 745 1198 790 p.
1234 729 1318 789 94,
1344 729 1411 775 24
1445 743 1556 776 011111
1586 728 1740 776 uerba

59 811 184 866 quae
228 802 606 851 inueniebantur
644 797 722 849 ‘de
761 802 904 850 corde
950 798 1165 864 puerili',
1212 802 1329 864 quia
1376 802 1741 850 substantiuum

55 876 389 938 interciderat,
420 892 519 925 non
548 876 921 936 intellexissent,
959 876 1122 924 locum
1159 876 1232 923 ita
1262 879 1647 938 temptauerunt,
1685 878 1743 924 ut

59 945 242 999 ‘decus’
275 951 356 999 uel
389 946 632 999 ‘dedecus’
667 951 747 999 uel
778 945 959 998 ‘decor’
994 950 1260 998 diuinando
1294 949 1555 999 efficerent.
1612 947 1742 998 Huic

57 1021 214 1089 igitur
244 1025 465 1074 codicum
496 1024 665 1089 generi
694 1040 793 1073 non
823 1024 978 1072 nimia
1007 1024 1128 1072 fides
1158 1024 1384 1072 habenda
1416 1027 1491 1073 est
1521 1025 1573 1072 in
1603 1027 1742 1073 textu

53 1098 414 1161 constituendo,
443 1102 502 1147 ut
532 1099 727 1147 etiamsi
758 1099 1012 1147 meliorem
1033 1098 1297 1146 uideantur
1320 1099 1545 1147 exhibere
1572 1099 1740 1148 lectio-

57 1188 172 1222 nem
217 1175 268 1222 et
313 1187 462 1235 quam
506 1172 701 1221 facilius
748 1173 1010 1236 intellegas
1048 1175 1215 1220 tamen
1253 1173 1350 1221 nisi
1389 1173 1618 1222 dubitans
1659 1188 1742 1221 eos

58 1261 158 1295 non
197 1246 374 1295 debeas
413 1247 573 1309 sequi,
621 1262 772 1309 quare
810 1263 857 1309 p.
893 1248 976 1307 93,
1003 1248 1070 1294 14
1109 1247 1265 1294 malui
1303 1242 1389 1294 ‘et'
1429 1247 1742 1309 interponere

62 1335 211 1384 quam
249 1315 618 1383 ‘blandiloquis'
660 1320 868 1383 probare
909 1323 958 1368 et
991 1337 1038 1382 p.
1075 1322 1158 1382 17,
1185 1322 1213 1368 7
1255 1315 1545 1383 ‘discipulis’
1585 1321 1741 1368 intac-

58 1397 166 1443 tum
218 1394 496 1457 relinquere
551 1410 700 1456 quam
755 1394 885 1456 quod
939 1395 1070 1442 solus
1126 1394 1321 1443 exhibet
1364 1395 1655 1459 Reginensis
1692 1395 1747 1442 Ε

59 1464 372 1531 ‘disciplinis’
397 1468 633 1530 recipere,
661 1484 961 1531 quamquam
984 1485 1083 1517 non
1107 1484 1300 1531 semper
1320 1469 1496 1517 horum
1521 1469 1744 1517 codicum
1816 1482 1819 1484 ·

62 1542 209 1591 lectio
233 1542 539 1604 repudianda
561 1541 758 1590 uidetur
781 1557 899 1605 esse,
922 1545 979 1590 ut
1002 1559 1048 1604 p.
1070 1544 1219 1604 13,4;
1247 1545 1395 1605 77,7;
1423 1545 1573 1607 91,1;
1600 1544 1742 1605 98,6,

60 1616 163 1665 siue
193 1632 367 1663 uerum
397 1631 514 1664 casu
545 1619 795 1664 seruatum
827 1619 902 1664 est
932 1616 1035 1664 siue
1068 1616 1347 1664 coniectura
1377 1620 1743 1679 recuperatum,

61 1689 191 1753 quod
222 1690 373 1738 etiam
410 1690 463 1737 in
497 1688 722 1738 Gudiano
757 1689 803 1739 G
834 1707 880 1753 p.
916 1692 1036 1751 102,
1064 1692 1128 1738 11
1162 1690 1269 1738 fieri
1299 1691 1478 1753 potuit,
1515 1690 1601 1739 ubi
1632 1707 1744 1738 eum

63 1763 364 1826 sequendum
412 1779 515 1812 esse
554 1763 793 1812 duximus.
869 1765 944 1812 Ex
985 1764 1077 1812 1100
1116 1765 1339 1813 codicum
1377 1781 1554 1829 genere
1591 1765 1744 1813 libros

61 1837 357 1886 recentiores
406 1853 574 1886 omnes
619 1838 721 1886 fere
765 1838 961 1887 fluxisse
1008 1838 1129 1887 satis
1176 1854 1236 1886 ea
1279 1856 1331 1886 re
1379 1839 1745 1888 demonstratur

64 1911 195 1974 quod
233 1911 419 1961 scholia
457 1912 509 1960 in
546 1912 633 1960 illo
667 1912 916 1975 adscripta
946 1913 998 1960 in
1027 1912 1105 1961 his
1136 1913 1344 1962 nouiciis
1374 1914 1496 1977 ipsis
1529 1913 1743 1962 auctoris

59 1985 222 2034 uerbis
268 1986 456 2035 inserta
499 1986 822 2034 inueniuntur
865 1989 922 2035 ut
969 1982 1352 2035 ‘difficultatem'
1390 2005 1437 2050 p.
1473 1989 1521 2050 8,
1553 1989 1636 2049 14,
1681 2004 1742 2035 110

61 2053 299 2122 ‘propter’
319 2062 376 2108 ut
399 2057 539 2108 ἕνεκα
563 2062 613 2108 et
630 2055 814 2109 ecausa’
834 2076 945 2108 eum
967 2061 1178 2109 secundo
1204 2077 1320 2110 casu
1344 2062 1742 2126 coniungeretur3

59 2150 107 2196 p.
143 2135 227 2196 16,
253 2135 282 2182 9
326 2129 534 2182 ‘curata'
584 2134 875 2197 Reginensis
912 2135 966 2182 E
1002 2150 1113 2183 cum
1158 2135 1479 2185 deterioribus
1527 2136 1743 2198 exhibet,

60 2222 108 2269 p.
128 2208 213 2269 30,
233 2209 317 2269 16,
339 2207 425 2255 ubi
447 2208 499 2255 in
524 2208 680 2256 altero
703 2207 941 2256 librorum
964 2225 1140 2272 genere
1155 2209 1446 2274 Fulgentius
1471 2226 1528 2258 ex
1543 2209 1742 2258 Lucano

63 2280 349 2330 emendatus
404 2285 499 2343 est,
561 2281 824 2330 deteriores
878 2285 966 2330 aut
1019 2299 1129 2331 cum
1184 2299 1239 2331 eo
1294 2284 1626 2345 consentiunt,
1686 2286 1744 2331 ut

63 2349 272 2403 ‘haeret'
309 2355 594 2418 praebeant,
633 2358 721 2403 aut
760 2356 876 2418 quia
908 2357 1114 2405 celerem
1151 2358 1353 2406 haerere
1390 2357 1605 2406 librariis
1636 2357 1744 2405 ueri

63 2443 166 2477 esse
191 2428 426 2477 dissimile
448 2428 724 2493 uidebatur,
753 2446 926 2477 uerum
951 2446 1007 2477 ex
1030 2430 1119 2478 illa
1146 2431 1355 2480 lectione
1380 2430 1552 2479 elicere
1577 2431 1743 2479 conati

63 2505 190 2564 sunt,
222 2518 332 2550 cum
362 2502 712 2552 Riccardianus
744 2499 931 2565 ‘errat’,
967 2504 1213 2554 Mediceus
1245 2500 1424 2553 ‘ardet'
1461 2505 1741 2555 scriberent.

171 2621 246 2668 Ex
283 2620 484 2668 meliore
522 2620 760 2669 librorum
798 2638 974 2685 genere
1013 2622 1064 2669 in
1106 2623 1281 2684 quibus
1327 2624 1740 2689 mythologiae
1766 2642 1797 2669 α

63 2694 295 2758 leguntur
332 2695 477 2758 longe
518 2695 692 2757 optimi
704 2689 747 2763 1)
786 2695 1018 2743 Uaticani
1061 2699 1175 2744 sunt
1211 2697 1470 2747 Palatinus
1513 2700 1652 2747 1578
1694 2701 1744 2746 et
1766 2699 1814 2743 P

61 2766 351 2831 Reginensis
393 2770 550 2831 1462,
590 2785 797 2832 quorum
836 2770 1152 2832 archetypus,
1192 2787 1302 2819 cum
1340 2772 1424 2820 ille
1462 2788 1615 2834 nono,
1659 2773 1739 2820 hic
1763 2773 1809 2817 R

94 2949 105 2959 ⁹
183 2894 226 2950 1)
257 2893 312 2937 cf.
337 2893 616 2962 Iungmanni
640 2893 913 2962 diligentem
945 2895 1318 2954 descriptionem,
1350 2911 1491 2954 quam
1523 2898 1580 2942 de
1612 2898 1737 2942 codi-

65 2950 196 2995 cibus
226 2950 546 3009 Fulgentiams
577 2953 688 2998 fecit
718 2969 767 2997 111
799 2955 916 2998 actis
949 2967 1039 2999 soc.
1071 2955 1184 3012 phil.
1216 2955 1341 3014 Lips.
1366 2957 1388 3001 I
1410 2972 1454 3014 p.
1482 2961 1534 3000 61
1563 2971 1661 3013 sqq.
