1976 3120
666 95 868 141 MUNDI
898 95 977 141 ΕΤ
1008 94 1265 141 HOMINIS
1701 96 1806 149 145

1828 173 1878 205 Η.

2 274 11 277 ,
116 223 390 288 prim8.tum
428 223 598 272 fratris
636 223 837 271 inuidus
868 222 1048 286 rapiat.
1109 221 1347 285 Fatigato
1379 221 1609 270 rubidam
1639 226 1805 271 coctu·
1820 235 1913 268 abest
1932 234 1968 266 E

0 298 11 392 f
113 315 224 348 ram
262 298 379 346 dum
416 298 469 345 in
507 298 844 360 muscipulum
880 299 1043 360 parat,
1081 298 1353 345 commutat
1390 297 1657 358 prandium
1697 313 1808 346 cum

116 373 340 436 primatu
386 372 581 420 subtilis
631 388 687 420 ac
741 373 951 420 lassatos
1005 371 1058 419 in
1113 386 1233 435 agro
1281 386 1449 419 cursus
1496 387 1595 419 non
1646 371 1809 420 doluit

115 447 300 496 fratris.
378 446 600 494 Paruum
645 446 738 495 hoc
782 446 882 495 fuit
919 446 1016 494 nisi
1054 448 1112 494 ut
1150 445 1275 493 alias
1315 444 1528 508 amplius
1568 446 1809 495 moliatur

0 481 12 554 l
114 521 335 570 insidias.
415 519 596 569 Oblato
636 520 809 569 subtili
853 520 1062 583 prandio
1108 520 1284 568 matris
1324 521 1548 568 armatur
1587 520 1805 583 consilio,
1831 539 1851 571 5

115 595 252 644 fallit
288 598 480 644 tactum
511 595 687 656 orbati,
725 595 873 658 pilosi
911 595 1083 643 furans
1121 594 1401 643 machinam
1433 594 1553 644 corii
1592 594 1808 658 subripit

0 720 8 725 ,
115 669 264 733 patri,
304 670 490 718 donum
527 669 735 717 abstulit
772 669 981 718 callidus
1026 668 1286 731 primitiui.
1366 667 1718 718 Sanctificatur
1754 670 1807 717 in

0 737 3 742 ’
67 777 72 783 -
114 743 378 806 fructibus,
426 744 741 793 consancitur
786 743 889 792 suis
935 743 1172 792 fratribus
1218 744 1431 806 primus,
1487 743 1808 793 confirmatur

2 824 6 827 ’
41 855 43 858 ⁴
113 818 327 867 inimicis
369 818 594 867 omnibus
633 818 873 866 dominus.
944 817 1105 875 Quam
1143 818 1302 881 igitur
1340 818 1537 880 culpam
1574 818 1805 868 innoxius

0 912 2 917 ·
42 940 46 958 Ι,
113 892 310 955 habuit,
375 893 460 955 qui
513 892 638 940 nihil
691 893 967 956 malignum
1021 893 1276 955 suspicans
1330 893 1488 954 patris
1542 893 1807 955 prandium
1832 912 1875 944 10

35 959 42 1022 s
111 982 290 1029 campo
321 966 648 1031 uagabundus
681 965 924 1029 inquirit?
977 967 1354 1029 Numquidnam
1378 967 1602 1030 oportuit
1632 967 1806 1017 matris

0 1043 37 1091 ,ξ
112 1042 325 1103 astutia,
372 1041 540 1090 fratris
588 1044 796 1104 captura
841 1041 1053 1090 innocua
1107 1041 1440 1090 circumscribi
1479 1041 1806 1104 simplicitas?

0 1170 2 1172 ,
114 1115 247 1164 Nam
290 1118 348 1164 ut
394 1131 607 1180 agnosco
654 1132 752 1164 non
798 1115 944 1163 fratri
989 1116 1192 1178 inuidit,
1247 1132 1347 1165 non
1398 1115 1534 1178 patri
1578 1117 1806 1180 subripit,

30 1215 31 1218 =
111 1205 215 1239 non
236 1190 504 1252 prandium
526 1190 806 1252 postulanti
831 1190 1076 1252 distraxit,
1107 1205 1206 1238 non
1230 1190 1536 1239 inordinatos
1560 1191 1806 1253 primatus

32 1257 41 1294 *⁴
114 1263 325 1326 optauit.
387 1264 607 1313 Additur
639 1264 759 1327 quia
794 1264 913 1312 dum
951 1267 1175 1312 armatus
1214 1264 1361 1313 fratri
1398 1265 1499 1312 iam
1537 1265 1806 1330 coniugato
1832 1283 1874 1316 15

0 1372 5 1373 ν
100 1339 343 1400 occurrit,
383 1338 672 1387 scandalum
711 1339 916 1401 aliquod
954 1356 1054 1387 non
1093 1338 1321 1402 arripuit,
1362 1339 1586 1387 osculum
1617 1340 1806 1403 primus

112 1412 374 1475 pacificum
413 1412 618 1475 obtulit,
664 1413 873 1461 iniurias
914 1413 1097 1461 oblitus
1138 1413 1318 1475 omisit,
1356 1413 1503 1461 illum
1542 1430 1655 1462 cum
1694 1431 1805 1463 con-

112 1486 315 1550 iugibus
354 1502 411 1536 ac
448 1487 564 1535 filiis
603 1487 786 1536 traicit.
864 1486 1023 1544 Quam
1059 1487 1112 1535 in
1150 1488 1225 1536 his
1267 1488 1491 1536 omnibus
1533 1482 1804 1556 diluinitati
1820 1501 1883 1543 18

0 1595 36 1614 ,μ
111 1561 313 1623 culpam
356 1560 600 1610 incurrit?
676 1562 783 1610 Aut
837 1578 923 1610 cur
967 1578 1066 1610 non
1115 1564 1221 1610 tam
1273 1562 1534 1611 munificus
1580 1561 1806 1626 placuit?

0 1632 40 1695 ἕξ
114 1633 194 1683 Sit
237 1635 396 1699 igitur
442 1636 521 1683 sui
567 1636 762 1685 consilii
808 1651 948 1684 sacra
986 1636 1074 1684 illa
1112 1636 1350 1685 diuinitas
1391 1637 1607 1700 conscia,
1654 1654 1806 1700 quam
1830 1657 1874 1688 20

101 1708 330 1757 humana
382 1726 482 1758 non
535 1710 694 1773 possit
742 1710 1015 1772 conspicari
1070 1714 1264 1758 natura.
1349 1711 1492 1759 Uidit
1543 1712 1701 1776 igitur
1752 1713 1806 1760 in

111 1783 298 1846 spiritu
336 1784 564 1833 dominus
606 1784 738 1846 quod
783 1785 1026 1833 humanus
1066 1801 1340 1847 numquam
1378 1785 1579 1848 inspicit
1617 1787 1804 1835 oculuS.

114 1855 244 1914 Quid
289 1857 451 1906 dicam
495 1858 640 1906 Liam
686 1858 865 1908 sororis
921 1859 1145 1907 inuidam
1200 1852 1283 1908 ac*
1311 1860 1604 1922 pulchrioris
1659 1861 1804 1910 thoro

0 1927 36 1997 j?
113 1931 422 1995 Subpositam
458 1933 670 1996 lippam,
719 1933 836 1980 dum
882 1934 1042 1982 maior
1078 1933 1283 1982 minoris
1321 1934 1517 1982 inuadit
1556 1951 1804 1998 sponsum,

29 2001 32 2031 ἶ
112 2006 274 2054 noctis
306 2007 555 2070 opitulato
595 2007 832 2071 suffragio
872 2007 1117 2057 sororium
1154 2009 1310 2056 fallax
1347 2009 1552 2071 corripit
1589 2010 1803 2072 thorum,
1828 2027 1872 2060 25

0 2087 33 2125 Ἣ
113 2095 174 2129 ac
226 2079 296 2129 sic
347 2081 596 2130 matutino
651 2097 859 2144 sponsus
911 2082 1212 2144 conprobato
1266 2083 1541 2144 muscipulo
1597 2084 1803 2146 duplato

31 2182 36 2217 ³
112 2151 487 2203 matrimonium
534 2158 774 2219 conparat
821 2156 1097 2204 famulatio.
1173 2156 1394 2204 Paruum
1438 2158 1531 2206 hoc
1570 2158 1668 2206 fuit
1707 2159 1804 2206 nisi

0 2264 1 2270 η
31 2271 35 2286 Ἴ,
116 2229 250 2291 quod
286 2229 634 2293 mandragorio
674 2230 805 2278 malo
838 2233 1133 2278 nocturnum
1163 2230 1320 2279 liuida
1351 2232 1658 2280 nundinatur
1689 2249 1801 2281 con-

236 2361 374 2414 lsqq.
400 2358 458 2412 cf.
483 2357 594 2401 Gen.
622 2362 692 2413 25,
711 2362 766 2401 29
792 2370 891 2412 sqq.
996 2361 1022 2401 5
1046 2371 1136 2414 sqq.
1163 2359 1219 2413 cf.
1248 2356 1361 2403 Gen.
1388 2363 1443 2402 27
1549 2363 1602 2402 15
1627 2373 1718 2417 sqq.
1743 2361 1802 2416 ef.

113 2413 229 2460 Gen.
255 2419 311 2459 33
439 2420 495 2460 23
520 2430 610 2474 sqq.
642 2418 700 2472 cf.
727 2415 838 2461 Gen.
865 2421 920 2460 29
1052 2421 1108 2459 28
1131 2431 1220 2475 sqq.
1254 2420 1311 2473 cf.
1338 2416 1450 2463 Gen.
1477 2422 1548 2474 30,
1569 2422 1624 2462 14
1641 2433 1741 2476 sqq.

33 2518 35 2546 2
235 2523 257 2562 1
291 2519 462 2563 rubida
500 2521 689 2564 coctura
720 2537 755 2563 ω
787 2535 853 2564 em
877 2519 954 2565 Ηο
1082 2524 1108 2563 2
1140 2520 1451 2578 muscipulam
1474 2521 1511 2566 S
1636 2523 1802 2568 3-sub

33 2629 35 2634 ,
113 2576 214 2621 tilit
237 2578 283 2621 P
310 2579 383 2635 (m.
409 2593 492 2623 rec.
518 2580 588 2634 eff.
615 2579 831 2637 subtulit)
962 2583 991 2622 4
1019 2593 1187 2636 parum
1211 2580 1313 2648 SP
1453 2586 1509 2624 10
1539 2581 1687 2626 nichil
1710 2583 1748 2628 S

33 2672 34 2677 ,
117 2641 171 2680 13
205 2637 439 2695 subripuit
462 2638 498 2682 S
608 2642 662 2682 15
695 2638 881 2683 obtauit
904 2638 950 2682 P
1060 2643 1114 2683 18
1146 2614 1340 2685 trahicit
1362 2640 1459 2686 PR
1551 2641 1802 2687 diuinitate

35 2717 42 2735 ι
116 2696 163 2739 Ρ
183 2697 272 2764 (em
301 2711 357 2741 m.
389 2700 491 2754 rec.)
540 2697 806 2742 diuinitatis
837 2698 875 2743 S
1033 2702 1087 2741 19
1127 2700 1312 2743 tantum
1343 2701 1390 2745 R
1540 2705 1597 2745 20
1640 2703 1802 2761 quam]

0 2775 14 2784 τ
55 2787 60 2790 -
114 2753 228 2811 quia
250 2755 343 2801 RS
463 2761 517 2800 21
551 2756 675 2801 uidit
705 2771 814 2814 ergo
847 2756 1062 2802 dominus
1093 2757 1143 2801 in
1175 2758 1342 2816 spiritu
1365 2758 1402 2804 S
1519 2765 1576 2804 23
1607 2760 1674 2805 lia
1697 2762 1744 2807 R

114 2856 246 2888 soror
267 2845 314 2890 R
361 2845 507 2890 sorori
530 2845 567 2891 S
676 2850 731 2890 25
757 2860 816 2904 op
817 2830 991 2892 itulato
1015 2846 1052 2891 S
1165 2853 1220 2892 27
1253 2847 1488 2894 famulitio
1513 2849 1550 2894 S
1636 2864 1804 2909 pamm

10 2906 17 2957 ξ
114 2901 154 2947 S
269 2907 325 2948 28
355 2904 684 2962 mandragario
710 2906 808 2951 PR
909 2905 1061 2951 libida
1085 2906 1131 2951 P
1162 2906 1314 2953 libula
1339 2910 1383 2954 V

0 2963 19 3036 ,l
205 2985 466 3020 Funemmms
489 2987 546 3020 ed.
570 2988 718 3021 Helm.
1479 2986 1535 3026 10

0 3036 20 3120 ²}
