1976 3120
673 127 874 173 MUNDI
903 126 981 172 ET
1011 125 1269 172 HOMINIS
1703 125 1804 179 137

129 257 400 321 pontesque
443 255 680 304 innocuos
718 269 834 304 arca
872 253 1140 315 concludit,
1186 252 1280 300 iste
1325 252 1524 300 leonum
1559 251 1809 315 rugientia
1831 202 1925 295 aHbest
1940 262 1970 294 B

129 332 339 396 guttura
362 330 727 392 draconumque
752 328 924 377 cristas
950 328 1082 376 elato
1105 329 1307 391 turgore
1332 326 1589 389 surgentes
1615 326 1807 374 ecclesi—

130 405 314 454 asticae
361 419 503 453 arcae
548 405 866 452 monumento
913 402 1170 450 conteruit.
1252 400 1345 448 Hle
1397 400 1560 463 legem
1613 400 1808 462 accipit,

129 495 191 528 ne
230 478 454 527 comedat
492 494 689 527 carnem
726 478 779 525 in
817 476 1072 540 sanguine,
1111 476 1204 524 iste
1242 475 1404 538 legem
1442 473 1670 536 suscipit,
1712 490 1808 535 quo

132 552 314 602 Christi
360 568 504 601 carne
551 554 805 600 saturetur
843 553 894 599 et
931 543 1202 617 sanlguine.
1277 549 1429 597 Illum
1467 548 1810 596 circumlatrat
1824 560 1884 601 10

129 627 265 676 unda
312 642 408 689 quo
456 627 660 675 suffocet
703 640 941 687 mersum,
997 624 1149 672 istum
1203 623 1478 672 sanctificat
1530 638 1665 685 aqua
1710 638 1809 684 quo
1834 641 1854 673 e

129 701 305 750 reddat
349 703 632 765 purgatum.
716 699 870 748 Cerne
923 699 1078 763 igitur
1123 697 1289 747 omnia
1343 699 1393 746 et
1445 697 1509 744 ad
1561 696 1812 759 liquidum

130 775 452 824 consonantia
476 777 525 823 et
557 775 755 837 aequali
784 768 1212 838 pro<pe>modum
1240 772 1507 836 iugalitate
1531 770 1810 819 constricta.

128 849 240 898 Illic
284 852 543 911 praepetes
589 849 714 896 duae
761 865 819 896 ex
865 863 1008 895 arcae
1054 863 1195 895 muro
1240 846 1294 894 in
1338 845 1604 910 legationis
1649 847 1810 893 trans-

129 923 398 972 mittuntur
436 923 674 985 officium,
715 938 927 985 quarum
965 937 1067 969 una
1106 921 1242 970 oleae
1281 920 1474 968 ramulo
1512 919 1811 968 testificante
1835 938 1879 969 10

130 997 407 1062 regreditur
445 999 495 1045 et
531 996 776 1045 mittentis
822 995 1028 1058 imperio
1075 995 1320 1043 famulata
1358 1010 1603 1056 aquarum
1640 1009 1814 1056 pacem

131 1072 432 1120 annuntians
486 1072 788 1135 gratulatur,
844 1071 1002 1118 altera
1047 1069 1422 1118 morticinarum
1467 1068 1689 1116 carnium
1735 1083 1812 1117 co·

130 1146 369 1195 mestione
414 1146 615 1194 tardata
660 1145 860 1193 lenante
900 1143 1070 1206 iniquo
1110 1144 1315 1205 affectu,
1362 1143 1490 1191 sicut
1527 1142 1671 1206 nigra
1711 1158 1814 1191 cor-

131 1236 271 1283 pore,
317 1220 390 1268 ita
435 1219 624 1283 nigrior
668 1235 767 1267 non
811 1218 942 1266 redit
979 1220 1157 1266 mente.
1234 1217 1349 1266 Non
1387 1217 1533 1264 aliter
1571 1216 1723 1264 etiam
1761 1217 1814 1263 in

129 1294 348 1356 homine,
395 1294 579 1343 mundo
625 1293 835 1355 minore,
880 1292 1151 1354 repperies,
1198 1291 1313 1340 dum
1359 1290 1630 1340 catholicus
1675 1306 1812 1339 ramo
1837 1307 1880 1340 15

132 1368 376 1418 crismatis
437 1384 496 1416 ex
556 1368 769 1416 oleastro
832 1366 895 1415 ad
955 1366 1263 1414 fructiferam
1321 1365 1538 1414 radicem
1598 1365 1813 1413 insertus

133 1443 389 1491 ecclesiam
434 1457 627 1504 semper
670 1444 722 1490 et
767 1438 946 1491 cotidie
991 1440 1241 1489 rediturus
1291 1439 1575 1488 memoriter
1619 1439 1815 1501 retinet,

131 1517 376 1565 hereticus
422 1519 612 1578 autem,
657 1516 863 1578 pollutis
912 1516 1087 1577 captus
1133 1513 1387 1576 nequitiae
1438 1513 1815 1562 exsecramentis

133 1591 365 1639 ecclesiae
396 1590 571 1638 matris
601 1589 814 1638 reditum
844 1605 942 1637 non
973 1589 1133 1638 solum
1162 1605 1263 1637 non
1292 1587 1532 1650 meminit,
1571 1590 1816 1650 quantum

133 1665 285 1714 etiam
331 1664 655 1713 commonitus
703 1680 761 1712 ex
808 1663 906 1711 alio
954 1662 1154 1725 spernit.
1230 1661 1369 1710 Felix
1414 1662 1500 1710 ille
1548 1677 1605 1710 ac
1646 1661 1813 1709 multi·
1838 1680 1882 1712 20

131 1739 328 1802 pliciter
356 1739 490 1801 felix,
529 1737 771 1800 siquidem
805 1737 1084 1785 inmodesta
1114 1752 1232 1784 suae
1263 1735 1590 1798 plantationis
1621 1735 1815 1798 potatio

132 1813 443 1876 patriarchae
497 1829 597 1862 non
649 1812 824 1860 fuisset
877 1811 1179 1860 scandalum.
1269 1810 1460 1861 Didicit
1512 1810 1815 1858 merulentus

133 1887 450 1936 sanctitatem
495 1887 719 1949 perdere,
767 1901 867 1948 qua
912 1886 966 1933 in
1009 1885 1171 1934 medio
1217 1884 1465 1933 undarum
1508 1884 1817 1948 rugientium

134 1961 350 2010 securior
385 1976 504 2009 usus
544 1963 618 2009 est
655 1960 907 2008 adiutrice.
985 1958 1115 2016 Quid
1153 1959 1369 2023 agimus,
1407 1959 1626 2006 humana
1665 1958 1816 2022 fragi—

133 2036 264 2084 litas.
325 2035 527 2099 Pugnat
565 2034 902 2083 sanctissimus
940 2033 1190 2096 patriarca
1223 2049 1334 2081 cum
1370 2035 1593 2080 tumente
1623 2032 1815 2096 pelagO,
1842 2050 1883 2084 25

253 2196 279 2235 9
303 2206 391 2250 sqq.
424 2193 483 2245 cf.
516 2190 629 2235 Gen.
656 2195 696 2247 8,
714 2195 740 2234 6
759 2205 857 2247 sqq.
1002 2194 1057 2232 22
1082 2203 1171 2246 sqq.
1204 2190 1262 2244 cfss
1296 2189 1407 2234 Gen.
1435 2193 1475 2245 9,
1494 2193 1548 2231 21

255 2329 278 2368 1
314 2324 455 2368 archa
480 2324 516 2369 S
609 2329 634 2367 2
667 2323 793 2368 claro
825 2324 1013 2381 turgore
1038 2321 1075 2367 S
1168 2326 1194 2365 3
1227 2321 1396 2365 archae
1420 2321 1457 2366 S
1540 2321 1817 2377 conterruit3

135 2386 188 2430 i‘n
210 2398 363 2442 mar9:
384 2383 480 2440 legi
503 2382 647 2427 etiam
668 2385 856 2440 poterat
879 2380 1103 2427 contriuit
1125 2381 1169 2425 V
1197 2379 1451 2425 conterruit
1466 2379 1502 2425 S
1529 2381 1586 2434 cf.
1602 2394 1650 2437 p.
1670 2383 1772 2436 143,
1790 2385 1816 2424 1

197 2442 379 2500 accepit
410 2443 454 2488 V
595 2448 623 2486 4
663 2442 787 2498 quod
819 2442 864 2487 V
1001 2445 1024 2484 7
1065 2439 1296 2496 liquidum
1329 2440 1426 2484 PV
1471 2454 1614 2483 unum
1653 2440 1704 2483 in
1740 2454 1819 2485 ras

136 2503 332 2560 (videtur
360 2503 577 2559 scriptum
613 2503 754 2558 fuisse
784 2500 902 2573 lidii)
927 2500 963 2546 S
1108 2504 1135 2543 8
1172 2499 1448 2556 promodum
1472 2499 1519 2543 P
1558 2512 1642 2556 pro
1678 2499 1818 2543 modo

145 2577 190 2622 V
229 2577 338 2634 post
365 2575 555 2620 modum
578 2575 615 2621 S
654 2575 987 2633 propemodum
1017 2589 1074 2618 m.
1098 2587 1183 2618 rec.
1215 2573 1268 2617 in
1291 2573 1338 2616 P
1371 2587 1435 2617 an
1463 2573 1739 2630 promodum
1762 2595 1818 2610 ==

168 2649 220 2680 ro
250 2634 496 2693 portione?
580 2634 829 2692 uigalitate
855 2635 898 2679 V
1007 2638 1032 2677 9
1066 2633 1154 2676 due
1184 2633 1347 2690 ppetes
1373 2632 1409 2678 S
1451 2631 1542 2676 duo
1573 2635 1818 2690 praepetes

136 2650 191 2740 ¹V
276 2693 415 2755 arche
441 2694 477 2739 S
574 2698 630 2738 10
660 2707 789 2738 ramo
815 2693 851 2739 S
950 2697 1004 2736 13
1036 2691 1253 2736 tardante
1286 2693 1317 2732 V
1407 2690 1704 2736 lenocinante
1730 2692 1765 2737 S

138 2752 272 2810 nigro
296 2754 332 2799 S
442 2757 496 2796 15
527 2752 728 2811 reperies
753 2753 838 2798 SV
947 2757 1001 2796 16
1035 2749 1300 2795 chrismatis
1326 2751 1370 2796 V
1469 2755 1523 2794 17
1550 2749 1759 2807 quotidie
1783 2751 1820 2794 V

200 2817 254 2856 18
287 2826 343 2856 ex
374 2811 677 2856 sacramentis
702 2812 748 2856 P
782 2810 1116 2856 execramentis
1142 2810 1178 2855 S
1300 2814 1354 2855 19
1386 2824 1480 2854 non
1512 2809 1662 2854 solum
1693 2825 1764 2855 om
1787 2810 1824 2855 S

198 2875 312 2914 uerfi
343 2871 438 2915 etia
461 2872 497 2916 S
612 2876 668 2916 22
700 2871 868 2915 fuisset
898 2885 964 2915 em
988 2884 1043 2914 ex
1072 2869 1261 2914 fecisset
1284 2870 1320 2915 S
1419 2869 1703 2913 merolentus
1729 2869 1765 2914 S

141 2934 196 2973 23
229 2943 368 2985 quam
392 2931 438 2974 P
478 2929 590 2986 quia
621 2931 665 2975 V
803 2935 859 2973 24
891 2943 1051 2974 uersus
1084 2931 1155 2973 est
1186 2929 1231 2973 V
1359 2933 1414 2972 25
1446 2928 1717 2985 patriarcha
1740 2928 1827 2974 SV
