1976 3120
0 0 26 197 Ρ
774 80 1188 128 CONTINENTIA
1756 82 1787 134 8
1796 81 1823 132 7

69 162 114 199 Μ
1847 157 1905 191 St-

0 201 19 265 Γ.
135 209 317 260 nostris
356 209 605 271 opusculis
644 208 768 257 fisici
806 208 991 257 ordinis
1032 207 1326 272 argumenta
1372 205 1679 268 induximus,
1729 223 1826 270 quo

0 282 21 352 ᾗ
134 300 223 348 per
261 282 486 332 duodena
524 283 766 332 librorum
799 282 1058 332 uolumina
1095 281 1369 344 pleniorem
1399 281 1645 328 humanae
1685 282 1825 330 uitae

130 359 484 407 monstrassem
508 360 710 406 statum.
772 357 1000 419 Denique
1025 356 1135 405 ideo
1166 356 1319 404 talem
1343 354 1538 404 dicendi
1571 355 1827 403 exordium

130 432 454 495 sumpsimus:
506 427 664 480 ‘arma
702 432 964 494 uirumque
997 425 1155 492 cano',
1194 430 1246 478 in
1285 429 1435 478 armis
1474 430 1730 492 uirtutem,
1771 430 1825 478 in

0 478 77 576 ἣν
132 506 240 555 uiro
287 506 585 569 sapientiam
630 506 1046 566 demonstrantes,
1102 505 1258 554 omnis
1307 504 1439 552 enim
1483 503 1723 566 perfectio
1770 504 1823 553 in
1847 520 1869 552 5

131 580 320 629 uirtute
368 583 564 630 constat
609 581 824 643 corporis
872 583 923 628 et
976 579 1223 642 sapientia
1268 578 1456 642 ingenii
1467 573 1497 626 ’.
1574 578 1655 626 Ad
1701 579 1824 628 haec

0 709 15 712 κ
134 671 246 719 ego:
288 654 340 702 Si
371 671 450 703 me
482 657 599 703 tuae
632 654 869 703 orationis
895 653 1094 702 adserta
1124 670 1224 702 non
1255 653 1453 716 fallunt,
1485 655 1627 702 uates
1653 654 1821 702 claris·

0 728 3 736 '
40 739 134 782 144
147 729 280 790 sime,
317 724 322 792 Ι
357 729 467 778 ideo
508 730 661 777 etiam
691 729 862 777 diuina
893 728 972 776 lex
1002 730 1228 776 nostrum
1257 727 1427 775 mundi
1457 727 1822 790 redemptorem

132 801 381 852 Christum
418 804 659 851 uirtutem
699 805 749 851 et
787 802 1085 865 sapientiam
1124 802 1322 864 cecinit,
1369 801 1503 864 quod
1539 802 1819 865 perfectum

0 893 5 965 Ι
129 877 339 926 hominis
379 877 617 926 diuinitas
658 877 991 940 adsumpsisse
1030 876 1287 924 uideretur
1323 878 1522 925 statum.
1583 875 1666 924 Ad
1695 877 1818 926 haec
1843 893 1887 925 ιο

129 951 234 1000 ille:
289 947 503 1000 ‘Uideris
548 951 654 1014 ipse
698 951 817 1014 quid
861 954 912 999 te
951 967 1072 999 uera
1110 951 1344 999 maiestas
1385 951 1627 1012 docuerit3
1675 952 1817 1001 nobis

126 1024 326 1074 interim
364 1026 483 1088 quid
520 1026 685 1074 uisum
723 1026 789 1074 sit
829 1025 1093 1074 edicamus.
1162 1026 1230 1073 Et
1270 1026 1496 1088 quamuis
1538 1026 1818 1088 oportuerit

126 1099 393 1148 secundum
423 1100 735 1149 dialecticam
759 1100 1072 1162 disciplinam
1095 1099 1310 1162 primum
1332 1115 1595 1162 personam
1626 1100 1815 1150 edicere

124 1173 291 1236 sicque
330 1189 568 1236 personae
609 1175 934 1238 congruentia
973 1189 1223 1235 enarrare,
1272 1190 1369 1236 quo
1409 1175 1572 1237 prima
1609 1190 1814 1237 ponere-

124 1251 210 1295 tur
255 1248 554 1310 substantia,
608 1248 782 1297 deinde
831 1247 1054 1297 accidens
1110 1248 1442 1311 substantiae,
1496 1250 1553 1297 ut
1597 1250 1814 1311 primum
1838 1263 1882 1299 16

123 1321 303 1384 uirum,
349 1322 418 1370 sic
457 1323 606 1371 etiam
645 1339 784 1371 arma
823 1323 1032 1384 edicere,
1079 1322 1238 1370 uirtus
1286 1323 1417 1371 enim
1461 1323 1515 1371 in
1562 1323 1782 1373 subiecto
1799 1318 1815 1392 Η

123 1398 200 1444 est
239 1412 460 1459 corpore:
507 1396 592 1445 sed
631 1397 750 1459 quia
787 1397 951 1445 laudis
994 1399 1067 1445 est
1106 1396 1371 1460 adsumpta
1409 1397 1634 1460 materia,
1682 1401 1797 1447 ante
1812 1406 1904 1450 744

124 1471 357 1518 meritum
403 1470 502 1519 uiri
548 1487 699 1533 quam
751 1471 913 1533 ipsum
957 1472 1123 1519 uirum
1168 1471 1428 1533 ediximus,
1485 1488 1581 1534 quo
1633 1471 1702 1520 sic
1749 1472 1813 1521 ad

123 1560 387 1606 personam
425 1544 679 1593 ueniretur
723 1546 825 1593 iam
861 1545 1117 1609 recognita
1161 1546 1327 1593 meriti
1367 1546 1636 1608 qualitate,
1683 1547 1812 1595 solet

119 1618 304 1681 quippe
352 1619 503 1667 etiam
547 1619 600 1666 in
639 1619 860 1682 epistolis
907 1620 999 1668 hoc
1044 1619 1189 1682 ipsud
1235 1620 1504 1668 communis
1545 1620 1808 1669 obseruare
1833 1636 1878 1668 20

119 1692 420 1755 loquacitaS,
483 1709 582 1756 quo
636 1694 851 1756 primum
913 1688 1130 1742 ‘domino
1192 1689 1410 1757 merito',
1473 1694 1543 1742 sic
1592 1697 1810 1757 ponatur

118 1767 331 1815 nominis
370 1767 623 1816 uocitatio.
702 1767 799 1816 Sed
839 1784 935 1830 quo
975 1783 1242 1831 cognoscas
1291 1784 1369 1816 me
1409 1768 1606 1831 plenius
1644 1769 1808 1819 laudis

117 1841 450 1903 adsumpsisse
496 1842 779 1904 materiam,
829 1842 943 1891 uide
991 1842 1111 1905 quid
1155 1843 1207 1890 in
1254 1842 1570 1905 sequentibus
1620 1843 1807 1892 dictum

118 1913 207 1977 sit,
257 1918 307 1964 et
353 1915 485 1979 quod
522 1912 646 1965 ‘fato
685 1912 944 1980 profugus'
992 1920 1043 1966 et
1082 1912 1152 1964 ‘ui
1191 1912 1460 1979 superum',
1508 1933 1604 1980 quo
1644 1918 1804 1966 inten-

116 1988 346 2038 deremus
385 1989 614 2039 fortunae
653 1990 805 2039 fuisse
846 1992 1064 2053 culpam,
1114 2007 1214 2041 non
1252 1991 1454 2039 uirtutis
1494 1992 1805 2041 debilitatem
1827 2007 1872 2042 25

234 2180 264 2220 4
286 2175 399 2221 Aen.
423 2177 444 2219 I
471 2181 493 2220 1
599 2180 624 2219 8
655 2177 829 2220 Paulus
862 2177 924 2221 ad
951 2176 1143 2222 Corinth
1166 2177 1188 2221 I
1213 2182 1252 2234 1,
1279 2181 1336 2221 24
1443 2182 1498 2222 24
1522 2178 1636 2223 Aen.
1662 2179 1683 2222 I
1708 2184 1748 2223 2.
1774 2183 1804 2222 4

237 2358 259 2396 1
293 2353 465 2411 phisici
486 2353 520 2397 Ι
619 2358 646 2398 3
677 2354 1028 2399 monstrassem'
1063 2354 1155 2400 UL
1185 2355 1573 2399 monstrassemus
1593 2355 1637 2401 G
1653 2356 1802 2402 detero·

176 2413 375 2456 stratum
397 2413 442 2457 R
517 2412 622 2457 ideo
646 2427 716 2458 om
741 2415 768 2473 β
842 2413 989 2458 talem
1012 2414 1108 2459 PR
1117 2416 1152 2458 I
1154 2415 1281 2459 Bern
1310 2413 1407 2458 tale
1432 2431 1467 2458 ω
1559 2415 1801 2460 exordium

112 2470 303 2516 dicendi
327 2472 378 2516 E
505 2477 534 2515 4
566 2471 813 2517 sumsimus
838 2473 934 2518 PR
1065 2478 1091 2518 8
1125 2473 1287 2517 diuina
1317 2487 1387 2518 om
1417 2473 1464 2518 R
1586 2478 1611 2517 9
1644 2476 1692 2519 et
1722 2474 1800 2520 dei

110 2529 395 2588 sapientiam
430 2530 472 2575 G
616 2536 668 2575 11
710 2532 775 2591 te]
817 2532 873 2576 de
911 2534 1014 2590 (pro
1053 2532 1176 2589 dei?)
1201 2533 1245 2576 L
1363 2532 1586 2578 maiestas
1625 2547 1739 2579 uera

174 2594 230 2633 14
261 2590 612 2648 congruentiam
643 2592 688 2636 U
692 2592 719 2651 β
855 2596 910 2636 15
943 2591 1206 2636 accidentia
1230 2592 1287 2637 H
1422 2596 1476 2636 16
1509 2592 1663 2638 dicere
1688 2593 1746 2637 H

111 2647 294 2694 edicere
335 2650 379 2694 U
427 2649 627 2695 dicerem
666 2652 694 2710 β
747 2651 1028 2696 armedicere
1060 2651 1107 2696 R
1270 2655 1324 2695 17
1372 2651 1554 2709 corpori
1586 2653 1744 2697 RIH

113 2710 171 2750 18
194 2707 437 2753 eduximus
454 2709 593 2755 PRI
595 2709 652 2754 H
729 2714 786 2753 20
809 2710 947 2767 ipsud
965 2711 1060 2755 PR
1070 2712 1197 2756 Bern
1233 2709 1388 2769 ipsum
1412 2729 1447 2755 ω
1536 2716 1589 2755 21
1618 2711 1798 2757 domini

112 2765 329 2811 meritum
367 2768 424 2827 U,
482 2768 669 2813 domino
718 2769 935 2814 meritum
967 2771 1017 2814 E
1069 2768 1152 2813 dni
1195 2770 1414 2815 meritum
1463 2770 1506 2815 G
1523 2771 1567 2815 L
1590 2772 1737 2817 deterr

111 2828 169 2869 22
201 2839 293 2882 qno
317 2841 387 2872 om
411 2827 510 2872 EL
551 2829 604 2871 ut
629 2829 672 2874 Θ
710 2829 835 2885 quod
859 2829 968 2874 HD
1087 2834 1145 2872 24
1176 2831 1223 2874 et
1252 2843 1344 2887 quo
1375 2829 1475 2874 fato
1515 2831 1560 2875 U
1563 2832 1591 2890 β
1681 2832 1793 2890 quo]

110 2896 207 2938 qua
230 2885 289 2928 H
394 2885 444 2930 ui
474 2887 768 2932 tenderemus
799 2905 831 2932 α
872 2888 1166 2933 tenderemus
1199 2890 1226 2949 β
1271 2889 1618 2934 intenderemus
1649 2891 1797 2935 deterr
