1976 3120
272 112 372 156 XIV
943 113 1283 160 PRAEFATIO

223 242 250 300 β
385 238 607 286 Alterius
655 238 845 302 generis
894 255 951 286 ex
999 239 1119 288 meis
1165 240 1305 289 libris
1353 243 1467 288 sunt
1509 241 1841 291 Berolinensis
1884 231 1951 291 73

204 316 250 361 Β
274 327 396 360 3330.
428 313 496 373 X,
537 312 676 361 cuius
718 313 1060 362 collationibus
1098 329 1216 362 usus
1256 331 1366 363 sum
1403 314 1671 363 Alexandri
1709 316 1863 365 Riesii
1899 316 1952 364 in

271 402 393 434 mus.
426 387 579 434 Rhen.
611 387 727 434 XIX
757 404 804 448 p.
841 388 942 436 298
971 403 1074 449 sqq.
1109 388 1242 436 edita
1281 392 1330 436 et
1360 388 1617 452 Plasbergi
1653 389 1752 438 mei
1787 406 1952 438 meum

202 465 253 510 E
271 461 323 508 in
361 476 505 508 usum
534 461 683 521 facta,
723 464 771 508 et
801 461 1124 510 Uercellensis
1160 463 1224 509 16
1262 461 1509 510 CXLVIII
1541 478 1663 512 saec.
1695 463 1766 511 IX
1796 464 1877 512 uel
1905 463 1952 511 X

203 540 245 597 ⁵13
273 550 418 596 quem
449 535 635 582 contuli
672 535 799 596 ipse,
840 551 898 582 ex
935 534 1294 584 Wessnerianis
1333 536 1546 584 Parisini
1579 538 1683 589 242
1724 552 1847 586 saec.
1879 537 1951 584 IX

205 613 249 660 Q
275 610 325 656 et
365 609 506 656 3088
547 624 671 657 saec.
710 609 776 669 X3
832 624 952 670 quos
997 608 1128 657 inter
1181 625 1230 657 se
1285 610 1558 658 consentire
1604 626 1716 659 cum
1768 610 1951 660 eisdem

140 675 146 679 ’
272 682 563 730 coniecturis
605 698 730 744 quae
769 683 897 730 falsa
936 685 1077 730 erant
1115 686 1202 731 aut
1240 683 1536 732 uidebantur
1567 684 1951 746 emendauerint,

270 757 350 804 uel
389 756 578 818 primae
616 757 829 820 paginae
868 755 1073 804 uerbum
1112 752 1326 819 ‘parare'
1365 775 1410 819 p.
1452 761 1571 819 111,
1596 760 1626 806 3
1666 758 1854 807 indicat
1892 774 1951 805 ex

272 825 541 891 ‘imperari’
574 830 706 892 quod
729 847 786 877 ex
818 826 1098 892 ‘impertiri’
1124 834 1407 893 corruptum
1430 834 1550 893 puto
1582 832 1740 880 futtili
1770 834 1951 882 conatu

272 904 499 952 effectum
537 903 589 951 in
628 903 866 952 omnibus.

107 971 252 1015 deterr
382 978 587 1025 Accedit
623 978 864 1026 immensa
901 977 976 1025 uis
1018 977 1238 1026 codicum
1284 979 1580 1028 deteriorum
1619 995 1649 1026 a
1686 979 1949 1028 Wessnero

269 1054 575 1115 enumerata,
623 1068 749 1114 (11133
787 1051 912 1099 nihil
959 1052 1059 1099 fere
1099 1051 1162 1098 ad
1206 1053 1552 1100 recensendam
1593 1052 1950 1115 expositionem

269 1141 408 1173 serm.
457 1129 556 1173 ant.
604 1125 777 1173 auxilii
822 1126 978 1172 affert.
1060 1125 1358 1173 Memorauit
1402 1128 1570 1174 tamen
1615 1127 1700 1174 ille
1748 1128 1949 1188 praeter

178 1190 183 1194 ”
265 1199 416 1247 libros
472 1214 592 1261 quos
640 1198 849 1247 diximus
894 1199 947 1246 in
994 1198 1207 1246 editione
1260 1199 1494 1248 lectiones
1548 1200 1769 1248 codicum
1813 1199 1946 1248 Neo-

265 1273 520 1336 burgensis
567 1276 617 1320 et
661 1272 911 1320 Leidensis
956 1273 1081 1332 135,
1125 1272 1232 1334 ipse
1279 1273 1465 1321 contuli
1511 1274 1760 1322 Romanos
1797 1272 1944 1321 Urbi-

266 1349 406 1394 nates
431 1349 535 1394 452
563 1350 613 1394 et
638 1349 760 1408 670,
782 1346 1108 1410 Reginensem
1126 1347 1247 1406 208,
1273 1345 1660 1396 Ottobonianum
1678 1349 1800 1408 343,
1822 1347 1946 1394 Bar-

265 1420 489 1468 berinum
512 1421 629 1467 XVI
650 1422 732 1481 76,
754 1420 1182 1468 Uindobonensem
1204 1420 1321 1467 bibl.
1350 1420 1483 1468 Caes.
1511 1421 1632 1482 804,
1655 1420 1947 1468 Leidensem

266 1494 563 1542 Uossianum
597 1496 680 1556 96,
720 1494 1071 1541 Taurinensem
1101 1494 1139 1555 I,
1171 1494 1258 1555 VI,
1291 1496 1359 1543 30
1393 1488 1708 1561 (DOOXXI),
1746 1493 1945 1542 1110031·-

267 1567 468 1614 (1131111111
517 1569 635 1615 766.
725 1568 952 1615 Aliorum
1013 1566 1232 1614 codicum
1284 1567 1517 1616 lectiones
1572 1583 1603 1615 a
1654 1567 1836 1615 Rothio
1889 1567 1945 1616 111

267 1641 481 1689 editione
511 1641 663 1689 Nonii
703 1644 752 1688 et
780 1640 1033 1722 Fulgentii
1073 1641 1305 1688 collectae
1338 1644 1466 1702 sunt,
1504 1641 1711 1688 duorum
1741 1641 1944 1689 Bruxel-

265 1715 475 1776 lensium
512 1715 771 1763 Lerschius
814 1714 968 1761 edidit
1004 1713 1057 1760 in
1104 1714 1270 1761 libello
1313 1715 1395 1776 qui
1440 1714 1724 1762 inscribitur
1759 1714 1945 1763 Fabius

265 1772 555 1836 Planciades
579 1788 868 1851 Fulgentius
893 1788 951 1835 de
975 1787 1212 1836 abstrusis
1238 1787 1538 1835 sermonibus
1564 1784 1741 1850 (Bonn.
1762 1781 1944 1855 1844),

265 1865 447 1909 temere
478 1862 564 1910 ille
589 1879 645 1909 ex
655 1861 899 1928 pessimis
924 1861 1129 1909 testibus
1155 1876 1275 1923 opus
1300 1861 1681 1925 Fulgentianum
1702 1861 1944 1910 recenseri

265 1951 407 1998 posse
444 1938 596 1984 ratus.
672 1935 931 1984 Lemmata
970 1950 1095 1996 quae
1135 1935 1340 1998 singulis
1381 1935 1763 2018 expositionibus
1801 1950 1942 1997 prae·

265 2013 515 2071 ponuntur
568 2010 698 2071 quod
751 2010 888 2057 uncis
933 2009 1110 2056 inclusi
1155 2011 1412 2070 tamquam
1457 2009 1647 2071 spuria,
1693 2009 1943 2058 Wessneri

266 2084 744 2146 argumentationem
753 2077 797 2149 1)
844 2085 1036 2131 secutus
1090 2098 1219 2143 sum,
1273 2086 1381 2129 orta
1427 2083 1555 2129 enim
1608 2081 1840 2130 uidentur
1883 2098 1942 2131 ex

265 2157 517 2205 uocabulis
558 2158 620 2204 ad
658 2157 931 2221 marginem
971 2155 1243 2217 adscriptis.

374 2275 533 2323 Multo
556 2274 750 2322 facilior
768 2274 983 2322 recensio
1009 2276 1084 2321 est
1105 2273 1342 2321 librorum
1367 2273 1451 2334 qui
1467 2272 1850 2336 Fulgentianum
1872 2273 1940 2321 de

266 2349 569 2397 aetatibus
601 2347 800 2395 mundi
833 2349 889 2394 et
918 2347 1172 2395 hominis
1198 2347 1486 2408 opusculum
1510 2347 1782 2407 continent,
1808 2346 1940 2409 quod

266 2422 424 2470 adhuc
446 2437 571 2471 unus
594 2421 880 2470 Hommeius
896 2421 1099 2469 Parisiis
1124 2436 1166 2468 a.
1188 2422 1326 2469 1694
1352 2423 1402 2467 et
1429 2423 1567 2469 1696
1595 2423 1645 2468 et
1666 2421 1717 2467 id
1741 2419 1940 2482 quidem

266 2496 530 2543 secundum
554 2495 873 2543 Sorbonicum
897 2494 1111 2542 codicem
1134 2495 1416 2555 corruptum
1441 2496 1489 2540 et
1510 2494 1739 2541 mutilum
1762 2493 1938 2554 edidit3

266 2568 386 2617 duos
407 2572 573 2616 autem
590 2569 741 2618 libros
763 2572 812 2616 et
829 2569 994 2616 ultimi
1015 2570 1207 2630 partem
1229 2570 1495 2614 extremam
1511 2565 1936 2614 Reifferscheidius

263 2642 450 2704 publici
479 2643 599 2691 iuris
630 2643 749 2690 fecit
770 2643 822 2688 in
845 2658 966 2690 mus.
990 2641 1143 2689 Rhen.
1166 2641 1264 2689 uol.
1287 2639 1453 2687 XXIII
1476 2657 1523 2701 p.
1552 2641 1652 2687 137
1673 2655 1776 2701 sqq.
1803 2641 1852 2687 et
1881 2640 1935 2686 in

203 2711 212 2719 ”
264 2716 424 2763 indice
449 2716 595 2764 schol.
620 2717 830 2764 uniuers.
855 2715 1122 2764 Uratislau.
1152 2708 1356 2778 1883s4.
1380 2713 1597 2762 Melioris
1629 2713 1759 2760 enim
1788 2715 1937 2760 notae

144 2797 242 2842 PR
266 2793 380 2838 sunt
405 2790 591 2837 codices
615 2789 728 2836 Uat.
753 2789 1010 2838 Palatinus
1037 2789 1138 2836 886
1167 2803 1290 2836 saec.
1306 2787 1427 2834 XIII
1451 2790 1500 2834 et
1522 2786 1810 2850 Reginensis
1831 2787 1933 2833 173

385 2902 427 2956 1>
458 2899 488 2944 1.
522 2914 559 2943 0.
590 2871 634 2957 p.
671 2905 753 2943 133
780 2915 877 2955 sqq.
