1976 3120
825 73 1241 122 CONTINENTIA
1765 74 1865 129 101

105 155 195 259 116ιρ
270 199 544 252 ‘Auxilium
581 202 783 250 fortuna
820 202 927 263 tibi,
964 216 1042 250 res
1079 199 1280 263 perfida,
1321 198 1515 262 Quinte,
1868 152 1959 256 755¹}

265 280 315 326 et
351 277 470 326 tulit
507 277 559 324 in
598 276 759 325 fr0nte
799 275 984 340 grande
1024 273 1361 338 supercilium3

262 353 386 400 haut
423 350 562 399 aliud
601 351 810 412 credam,
848 352 1058 412 puteum
1091 351 1212 412 puto
1250 350 1301 397 te
1341 363 1554 410 quoque,
1595 346 1796 406 Quinte:

265 428 453 489 quanto
493 425 626 474 altus
663 424 823 489 magis
862 440 926 487 eS,
963 426 1069 472 tam
1106 438 1248 488 mage
1287 417 1580 485 despiceris'.

189 543 418 607 Denique
463 544 534 592 ibi
579 542 730 591 etiam
770 541 1011 606 Gigantas
1055 542 1195 590 uidet
1242 544 1291 590 et
1326 541 1548 589 Ixionem
1595 543 1644 589 et
1683 541 1871 590 831100-
1896 559 1916 592 5

191 635 353 682 neum,
393 633 560 667 omnes
599 616 857 679 superbiae
896 632 1056 679 poena
1087 616 1360 679 damnatos,
1399 631 1488 664 nec
1526 631 1625 663 non
1665 616 1714 663 et
1745 616 1873 663 Tan-

189 694 372 755 talum,
412 692 655 740 Tantalus
687 691 816 738 enim
851 689 1003 739 Grece
1035 690 1181 754 quasi
1216 690 1482 754 teantelon,
1521 690 1573 737 id
1612 692 1686 739 est
1723 689 1872 738 uisio-

190 784 302 815 nem
340 768 536 829 uolens,
575 765 732 814 omnis
764 765 894 812 enim
932 764 1149 813 auaritia
1178 764 1347 812 ieiuna
1386 763 1583 812 fruendi
1611 780 1709 813 usu
1741 765 1874 813 solae

190 841 398 890 uisionis
427 840 643 904 imagine
675 839 910 902 pascitur.
974 839 1070 887 Sed
1098 839 1175 887 his
1207 838 1327 888 locis
1357 838 1505 887 iudex
1527 838 1871 887 Radamantus

0 902 6 957 .¹
192 915 406 964 Gnosius
444 915 669 978 ponitur,
707 913 1078 961 Radamantum
1116 913 1247 961 enim
1287 911 1436 961 Grece
1478 912 1623 976 quasi
1659 915 1871 962 tarema-
1898 930 1940 962 10

189 990 503 1053 tadamonta,
541 989 594 1037 id
633 991 707 1036 est
743 987 953 1036 uerbum
988 988 1291 1050 domantem,
1331 1003 1483 1051 gnoso
1524 987 1655 1035 enim
1694 987 1875 1036 sentire

191 1064 393 1113 dicitur:
449 1079 563 1127 ergo
612 1062 700 1125 qui
744 1062 1011 1110 uerborum
1055 1062 1297 1124 impetum
1342 1061 1586 1110 dominari
1631 1061 1742 1125 scit,
1795 1062 1876 1111 1116

193 1138 449 1201 superbiae
482 1141 531 1186 et
561 1136 823 1185 damnator
855 1138 929 1185 est
961 1139 1010 1184 et
1041 1138 1361 1199 contemptor.
1422 1135 1650 1199 Denique
1681 1136 1875 1185 Aeneas

104 1213 299 1265 1601106
338 1211 550 1275 strepitu
587 1213 822 1273 terretur3
861 1210 943 1258 uir
981 1210 1111 1258 enim
1149 1210 1262 1273 pius
1303 1210 1562 1273 superbiae
1602 1226 1749 1259 uoces
1785 1206 1791 1275 Ι
1827 1213 1876 1259 61

191 1287 437 1334 malorum
475 1300 658 1348 poenas
698 1284 872 1348 effugit
918 1300 975 1333 36
1011 1285 1250 1347 pauescit.
1326 1284 1516 1332 Deinde
1554 1301 1750 1332 ramum
1789 1300 1876 1332 au·
1899 1301 1942 1334 15

191 1377 332 1408 reum
376 1359 602 1423 postibus
648 1358 842 1407 deuotis
894 1359 1059 1423 infigit
1112 1361 1161 1407 et
1208 1359 1282 1406 ita
1327 1358 1540 1408 Elisium
1584 1357 1876 1423 ingreditur,

195 1450 292 1497 quo
333 1435 532 1497 clareat,
571 1433 690 1481 dum
720 1433 1072 1496 perfectionem
1104 1433 1282 1482 omisso
1313 1433 1414 1481 iam
1452 1433 1620 1482 labore
1659 1433 1879 1482 discendi

195 1546 411 1557 ........
436 1507 701 1556 memoriae
747 1523 876 1570 quae
920 1507 974 1555 in
1021 1507 1216 1556 cerebro
1264 1510 1338 1556 est
1389 1507 1517 1556 sicut
1553 1507 1607 1555 in
1650 1507 1877 1571 postibus

192 1585 429 1646 perpetue
466 1581 728 1646 infigenda.
803 1581 1018 1630 Elisium
1062 1581 1341 1646 ingreditur
1379 1597 1611 1645 campum
1642 1609 1712 1615 —
1745 1581 1877 1630 elisis

193 1657 323 1704 enim
377 1655 528 1704 Grece
581 1655 817 1704 resolutio
872 1655 1055 1704 dicitur
1094 1683 1163 1689 -
1202 1656 1254 1703 id
1308 1658 1383 1705 est
1435 1656 1666 1704 feriatam
1717 1655 1878 1704 uitam
1902 1672 1945 1705 20

194 1733 308 1794 post
351 1729 732 1794 magistrianum
777 1729 1019 1778 timorem.
1097 1729 1237 1779 Sicut
1283 1730 1413 1778 enim
1461 1730 1644 1778 inferni
1680 1730 1878 1780 Proser-

314 1893 335 1930 1
362 1902 402 1932 v.
429 1885 586 1943 Optat.
619 1885 795 1943 Porfyr.
829 1899 916 1931 rec,
950 1885 999 1931 L.
1019 1885 1218 1931 Mueller
1239 1851 1367 1930 XXX
1396 1902 1440 1943 p.
1466 1892 1520 1931 31

313 2023 335 2062 1
371 2017 590 2063 ancilium
613 2019 657 2063 L
709 2018 937 2063 auerlium
965 2019 1008 2064 Θ
1135 2024 1160 2062 2
1193 2019 1361 2064 extulit
1383 2020 1444 2079 L2
1479 2021 1565 2066 edd
1692 2025 1718 2064 3
1750 2020 1879 2065 Naut

193 2091 324 2136 3111111
347 2093 443 2138 PR
487 2108 582 2138 non
613 2094 696 2137 aut
728 2092 855 2137 aliud
880 2093 931 2136 D
974 2107 1085 2138 nam
1114 2081 1199 2138 aut
1230 2093 1360 2138 aliud
1385 2053 1444 2138 Ε
1476 2108 1587 2162 nam
1616 2096 1671 2138 ut
1709 2093 1877 2139 aliudco

191 2166 260 2196 em
282 2151 356 2217 ῌε
474 2157 502 2196 4
534 2153 709 2208 quanto
742 2151 864 2196 altus
890 2152 1041 2210 magis
1065 2153 1110 2196 L
1156 2154 1332 2220 quanto
1362 2152 1514 2211 magis
1547 2153 1671 2198 altus
1704 2171 1738 2198 ω
1786 2168 1878 2210 quo

90 2246 94 2251 .
192 2209 343 2268 magis
366 2211 515 2257 detero·
597 2225 646 2255 66
670 2211 728 2255 H
764 2212 835 2255 est
857 2211 907 2255 D
925 2212 970 2257 U
1050 2213 1161 2256 tam
1179 2211 1302 2256 maie
1326 2213 1382 2256 Η
1419 2214 1519 2256 1310
1546 2226 1657 2271 mag
1657 2212 1698 2256 is
1721 2213 1880 2258 DEL

194 2282 300 2313 ama
302 2283 359 2327 ge
391 2270 436 2316 U
531 2269 799 2328 despicieris
831 2271 914 2327 (em
938 2271 997 2314 al.
1021 2271 1097 2327 m.)
1122 2271 1166 2315 L
1211 2271 1325 2328 desp
1327 2270 1539 2315 icierism
1673 2276 1698 2316 5
1730 2271 1800 2316 ibi
1831 2274 1882 2316 et

195 2326 307 2386 Gi-
330 2328 484 2372 Pubi
514 2330 563 2373 et
586 2328 695 2386 Gig-
721 2329 770 2373 D
854 2333 879 2372 6
913 2328 1192 2386 dampnatos
1208 2330 1356 2375 IHE
1434 2335 1461 2374 8
1495 2330 1593 2375 solo
1618 2331 1676 2374 H
1750 2337 1776 2376 9
1807 2345 1877 2376 re-

196 2343 455 2431 damandus
481 2388 524 2433 Θ
646 2344 722 2431 g10
754 2389 985 2432 taremata
1015 2390 1261 2446 (teremata
1285 2389 1347 2446 U)
1380 2389 1606 2434 damunta
1637 2389 1880 2447 (damonta

194 2445 301 2491 ΗΘ
333 2445 545 2490 1131011113
567 2448 602 2491 I
641 2447 867 2491 dfimunta
885 2448 934 2492 E
962 2447 1187 2492 dumunta
1200 2448 1260 2504 L)
1285 2465 1319 2492 ω
1366 2448 1721 2494 remadamonta
1744 2449 1819 2495 He

196 2509 248 2549 11
285 2505 552 2550 domantem
583 2505 779 2550 dicimus
802 2506 907 2551 ΒΘ
1030 2511 1084 2550 13
1117 2507 1396 2564 dampnator
1418 2509 1454 2552 I
1455 2508 1512 2552 H
1515 2508 1616 2553 EL
1655 2509 1882 2554 damnato

197 2563 240 2608 Θ
353 2566 610 2609 contemtor
637 2566 679 2611 Θ
830 2570 883 2610 17
918 2579 1008 2622 quo
1032 2592 1091 2599 —
1113 2565 1375 2625 ingreditur
1406 2572 1460 2611 19
1492 2582 1564 2613 om
1589 2568 1632 2614 Θ
1746 2568 1857 2612 dum

193 2622 442 2668 facundiae
488 2630 529 2670 et
577 2628 631 2668 19
678 2624 962 2682 infigendam
1001 2625 1222 2671 Mumker
1390 2626 1675 2684 perfectione
1713 2628 1825 2673 DE

195 2695 287 2742 scie
318 2697 602 2767 perfectione
626 2699 756 2744 Barb
832 2699 1009 2744 clareat
1039 2698 1262 2744 facundia
1291 2700 1575 2757 perfectione
1600 2702 1686 2747 edd
1767 2715 1874 2758 sup-

186 2757 318 2812 pleas
340 2758 406 2802 sic
427 2759 521 2812 sere
545 2759 628 2804 lac.
658 2757 872 2816 attigeris
896 2758 1159 2815 facundiae,
1183 2762 1435 2818 praecepta
1460 2759 1644 2805 dicendi
1749 2765 1802 2804 18
1828 2760 1878 2804 in

195 2814 354 2859 crebro
381 2816 484 2860 DL
635 2822 689 2862 19
721 2819 944 2885 perpetue
969 2818 1078 2862 DE
1110 2820 1363 2876 perpetuae
1380 2820 1437 2864 Η
1448 2821 1542 2866 UG
1579 2819 1818 2877 pei-petiae
1836 2819 1889 2863 P

193 2875 416 2931 perpetuo
448 2875 594 2921 deterr
690 2833 878 2922 ecplisis?
910 2878 982 2922 He
1102 2881 1156 2921 21
1188 2877 1324 2922 inferi
1351 2879 1395 2925 Θ
