1976 3120
239 111 346 164 152
860 111 939 156 DE
970 110 1308 156 AETATIBUS

163 188 203 219 H

79 249 173 282 abest
190 249 219 281 G
236 254 336 286 non
366 237 521 299 nouit,
561 239 611 285 et
649 236 924 286 fecunditas
963 253 1074 285 cum
1113 237 1330 285 sterilem
1367 252 1551 286 nouum
1588 238 1929 287 conmercium'

236 311 550 359 nundinauit.
643 310 683 359 O
738 312 882 359 fietus
937 310 1213 373 concipiens
1268 314 1318 358 et
1371 311 1530 360 oratio
1582 312 1779 375 pariens
1831 312 1929 362 ob·-

236 386 511 434 secratione
542 385 696 433 flebili
725 385 1015 433 maritante:
1045 384 1099 432 in
1121 386 1307 448 templo
1338 385 1496 432 filium
1527 386 1752 449 concipit,
1785 386 1919 448 quod

234 459 288 507 in
325 461 453 508 lecto
492 460 729 507 maritum
767 459 1072 521 amplexibus
1105 459 1267 508 coiens
1298 475 1397 508 non
1426 459 1631 508 inuenit.
1690 460 1921 523 Apparet

191 551 212 584 5
234 534 405 596 itaque
451 533 577 581 nihil
622 549 725 581 esse
766 533 824 580 de
869 535 1077 581 naturae
1115 550 1315 581 munere
1353 534 1787 596 praesumendum,
1831 533 1920 582 ubi

114 658 119 662 ,
236 608 514 655 diuinitatis
538 610 698 655 cessat
721 607 972 654 auxilium.
1029 606 1124 654 Sed
1155 623 1263 656 ecce
1298 608 1495 670 qualem
1527 607 1921 671 supplicantibus

159 694 222 736 25
235 682 351 730 dare
400 681 620 744 oportuit
665 681 918 728 dominum
961 682 1171 743 prolem,
1217 682 1371 729 talem
1414 681 1653 730 natiuitas
1693 674 1922 749 conltulit

237 757 537 816 Samuelem3
578 772 635 803 ex
665 756 852 817 templo
883 755 1083 817 petitus,
1115 755 1174 803 de
1205 756 1392 818 templo
1425 758 1700 818 conceptus,
1731 755 1920 818 templo

237 830 388 878 etiam
433 830 649 877 traditur
694 829 987 891 seruiturus3
1033 830 1198 892 placet
1237 829 1343 878 Deo
1389 830 1627 892 moribus,
1678 829 1757 878 cui
1802 831 1929 877 ante·

169 923 213 954 ιο
236 905 494 966 placuerat
538 903 830 951 nasciturus.
914 904 1022 951 Iam
1068 903 1199 951 enim
1251 904 1475 953 sacerdos
1523 903 1814 966 displicebat
1865 904 1919 952 in

235 978 350 1025 filiis
392 981 441 1026 et
479 978 608 1025 male
647 977 892 1039 parcendo
933 977 1094 1026 suboli
1138 994 1237 1026 non
1274 980 1562 1040 pepercerat
1599 978 1712 1040 sibi3
1760 978 1929 1026 omnis

237 1052 370 1100 enim
418 1052 503 1114 qui
547 1052 832 1114 frequenter
875 1051 1137 1099 indulserit
1181 1052 1365 1099 multas
1404 1053 1572 1114 culpas
1611 1051 1832 1114 adquirit
1869 1054 1921 1100 et

239 1126 325 1188 qui
368 1126 644 1188 particulae
682 1125 849 1173 ruenti
885 1141 985 1174 non
1024 1124 1335 1187 suffulcierit‚
1374 1128 1535 1173 totum
1576 1126 1707 1188 quod
1746 1141 1923 1174 sanum

238 1203 313 1247 est
353 1216 516 1248 secum
554 1200 722 1248 trahit.
787 1197 826 1247 O
865 1199 1035 1247 diuina
1073 1202 1260 1247 secreta
1299 1199 1684 1262 admirandaque
1722 1199 1923 1263 iudicia,

170 1292 213 1325 15
239 1290 364 1336 quae
405 1277 646 1336 quantum
685 1274 945 1322 clementia
993 1273 1429 1322 contribulationes
1469 1274 1586 1321 dum
1628 1273 1921 1337 commodat,

236 1364 335 1396 non
373 1348 524 1396 habet
561 1348 784 1410 modum,
831 1350 1028 1395 tantum
1067 1347 1183 1394 dum
1224 1350 1541 1410 peccatorum
1577 1347 1776 1396 incursu
1814 1362 1920 1396 suc-

238 1422 474 1484 cenditur,
520 1421 848 1484 percussionis
895 1437 994 1470 non
1034 1424 1108 1469 est
1145 1421 1436 1483 remedium3
1484 1421 1666 1484 quippe
1712 1421 1922 1470 duorum

237 1497 510 1543 errantium
549 1497 694 1558 culpa
733 1511 821 1543 nec
861 1512 1002 1543 arcae
1041 1495 1330 1543 testamenti
1359 1495 1580 1557 parcitur
1610 1511 1698 1543 nec
1727 1495 1924 1543 milium

235 1570 554 1618 innocentum
576 1570 806 1617 interitus
830 1572 1149 1631 temperatur.
1189 1570 1413 1617 Tantane
1438 1570 1645 1617 duorum
1667 1569 1923 1618 hominum

170 1662 214 1694 20
240 1644 610 1691 exundauerant
650 1645 854 1705 scelera⁷
896 1660 992 1705 quo
1032 1646 1082 1690 et
1112 1659 1259 1708 sacra
1298 1645 1579 1691 sanctorum
1618 1643 1921 1692 contamina·

236 1717 453 1765 tionibus
498 1717 948 1765 incircumcisorum
992 1717 1259 1778 polluenda
1303 1716 1626 1778 perducerent
1672 1718 1722 1764 et
1765 1733 1922 1779 popu-

237 1792 398 1839 lorum
443 1791 569 1838 nihil
614 1792 716 1838 tale
763 1790 1073 1852 peccantium
1115 1789 1380 1852 copiositas
1419 1790 1777 1838 innumeranda
1815 1806 1923 1838 suc-

238 1863 521 1912 cumberet?
607 1864 703 1912 Sed
750 1864 1006 1925 diuinitas,
1055 1863 1181 1911 sicut
1224 1864 1277 1911 in
1322 1864 1495 1911 mundi
1540 1880 1685 1926 opere
1735 1863 1922 1913 laboris

237 1954 335 1986 non
367 1939 464 1986 fuit
492 1938 823 2000 incapandam
850 1938 1228 1985 'uniuersitatem
1260 1938 1463 2000 efficere,
1500 1937 1575 1985 ita
1603 1938 1743 1986 nulla
1773 1937 1923 1986 detri-

171 2030 214 2063 25
238 2013 394 2060 menti
440 2028 557 2060 cura
604 2015 678 2060 est
723 2012 868 2059 unius
915 2012 1088 2073 culpae
1132 2011 1458 2059 intercidente
1506 2012 1708 2059 incursu
1752 2011 1925 2059 mundi

237 2089 434 2149 partem
495 2086 771 2148 absumere3
832 2102 992 2147 neque
1055 2085 1184 2132 enim
1244 2088 1301 2133 ut
1360 2085 1455 2133 sibi
1511 2085 1686 2133 utilem
1737 2085 1923 2134 bonum

241 2160 436 2222 quaerit
467 2162 555 2207 aut
577 2156 699 2224 <ut>
723 2160 822 2207 suis
854 2159 1157 2207 utilitatibus
1189 2159 1448 2207 aduersam
1477 2159 1725 2207 malitiam
1754 2159 1922 2222 punit3

360 2321 415 2359 10
447 2317 505 2371 cf.
538 2316 558 2358 I
590 2316 712 2360 Sam.
747 2320 772 2358 2

361 2468 384 2506 1
420 2463 578 2507 sterile
603 2464 649 2507 R
692 2462 941 2507 sterilitate
966 2462 1002 2507 S
1097 2431 1399 2515 conmerctium
1424 2464 1654 2519 (suprascr
1675 2477 1731 2507 m.
1755 2463 1858 2518 rec.)
1881 2461 1930 2505 P

241 2521 567 2566 commercium
592 2522 685 2566 RS
801 2527 829 2564 4
859 2520 1018 2565 mariti
1041 2520 1078 2566 S
1194 2525 1218 2563 5
1250 2520 1397 2565 nichil
1420 2521 1457 2565 S
1580 2526 1606 2565 8
1639 2519 1925 2564 samuhelem

238 2581 356 2639 ΕΡ,
483 2585 536 2624 11
571 2580 722 2624 soboli
744 2581 838 2626 RS
965 2584 1020 2624 14
1049 2578 1239 2623 iusticia
1264 2580 1300 2624 S
1417 2583 1471 2623 15
1513 2580 1652 2638 quae]
1691 2579 1804 2635 quia
1825 2579 1924 2632 He;

242 2645 325 2684 aut
348 2642 721 2684 constructionem
744 2641 938 2684 mutavit
1038 2637 1454 2682 contribulationes
1479 2639 1635 2694 (deleto
1657 2637 1724 2695 la)
1746 2638 1792 2681 P
1817 2650 1924 2681 con-

238 2697 523 2756 tributiones
549 2698 642 2742 RS
728 2703 792 2764 ‚18
826 2698 964 2758 arche
990 2698 1026 2743 S
1118 2701 1175 2740 20
1207 2697 1526 2741 exundauerat
1547 2698 1593 2742 R
1691 2701 1747 2739 22
1778 2694 1926 2740 nichil

237 2786 275 2831 S
406 2790 462 2829 23
496 2759 741 2843 diffinita}
768 2787 804 2830 S
850 2787 1222 2832 constructionem
1252 2791 1362 2829 mut.
1498 2789 1554 2828 24
1585 2783 1635 2827 in
1665 2783 1927 2840 capandam

234 2845 336 2950 ἔΒ
375 2844 699 2963 ἰὲἵοτὲειῖιξεὲη
717 2845 753 2890 S
789 2845 1137 2903 incapabilem?
1174 2843 1537 2901 incapiendam?
1561 2843 1635 2887 He
1729 2847 1785 2886 26
1808 2841 1926 2886 utile

508 2918 554 2947 >u
689 2918 711 2949 e
