1976 3120
0 0 22 94 ξ

0 210 80 245 ‚31

833 131 1013 176 mena
1043 131 1064 175 1
1765 133 1795 185 7

1816 208 1871 243 St.

0 293 22 381 ἒ
30 273 86 315 11
103 259 275 308 auium
314 258 559 322 quaedam
597 258 897 320 uernulitas‚
938 273 1067 320 quae
1109 253 1116 322 Ι
1159 257 1328 322 fragili
1376 258 1594 320 quadam
1633 258 1796 307 dulce—

47 333 214 382 dine
239 333 511 396 crispantes
544 333 712 381 sibilos
745 332 934 381 corneis
966 332 1120 380 edunt
1152 332 1421 396 organulis,
1455 332 1519 380 ad
1550 333 1641 380 hoc
1674 349 1798 395 opus

0 408 13 451 ἶ-
101 408 341 456 allexerat
388 410 438 456 et
483 407 666 457 laboris
719 410 826 455 tam
880 407 1045 455 subita
1098 405 1295 469 requies
1346 406 1499 455 melos
1550 407 1799 469 quoddam

101 481 331 531 carminis
373 482 690 544 expectabat:
720 477 737 546 ΙΙ

29 1384 90 1425 12

531 555 844 618 Thespiades,
884 555 1196 618 Hippocrene
1797 567 1889 609 605

532 646 654 693 quas
693 630 946 693 spumanti
985 630 1182 694 gurgite
1823 649 1844 680 e

531 704 723 756 inrorat
760 704 983 768 loquacis
1023 704 1179 754 nimbi

530 779 710 830 tinctas
750 779 935 829 haustu
972 778 1177 840 Musico,

531 853 656 902 ferte
696 853 908 917 gradum
946 855 1269 916 properantes

530 928 589 976 de
628 927 830 979 uirectis
870 927 1086 990 collium,
1825 946 1868 977 10

530 1001 618 1050 ubi
658 1005 829 1066 guttas
868 1002 1161 1051 florulentae

534 1092 678 1124 mane
717 1080 856 1125 rorat
893 1093 1143 1139 purpurae

531 1167 674 1199 umor
713 1152 898 1214 algens,
939 1167 1086 1213 quem
1126 1151 1310 1199 serenis

531 1227 667 1274 astra
705 1225 887 1276 sudant
925 1225 1167 1274 noctibus.

530 1299 807 1347 Uerborum
847 1299 1063 1348 canistra
1101 1299 1260 1362 plenis
1297 1296 1302 1364 Ι
1825 1316 1869 1350 15

534 1376 748 1422 reserate
787 1373 1018 1422 flosculis,
1050 1368 1066 1437 ΙΙ

534 1446 783 1510 Quicquid
820 1464 910 1513 per
947 1448 1139 1496 uirecta
1181 1447 1364 1511 Tempe
1800 1461 1894 1503 606

531 1524 704 1584 raptat
742 1522 876 1570 unda
915 1522 1149 1584 proluens

531 1595 767 1644 innientis
808 1598 912 1644 etre
952 1611 1101 1644 cursu

534 1685 686 1732 quam
724 1669 960 1732 produxit
998 1670 1203 1734 ungula,
1824 1690 1868 1722 20

534 1744 774 1806 quicquid
812 1743 1027 1794 Ascreus
1067 1747 1274 1793 ueterna

530 1834 653 1880 rupe
692 1821 863 1881 pastor
900 1818 1092 1881 cecinit,

536 1892 777 1956 quicquid
816 1894 1071 1945 exantlata
1110 1893 1244 1957 gazis

532 1969 702 2016 uestra
739 1970 976 2030 promunt
1013 1967 1203 2031 horrea,

533 2042 667 2103 quod
706 2041 884 2091 cecinit
920 2043 1163 2104 pastorali
1823 2061 1867 2096 25

531 2115 670 2164 Maro
710 2116 840 2164 silua
878 2116 1128 2178 Mantuae,

535 2190 670 2252 quod
707 2189 932 2238 Meom‘us
972 2206 1208 2238 ranarum
1243 2187 1248 2255 Ι

226 2363 248 2403 1
283 2343 527 2404 uernilitas
551 2360 805 2406 Salmasius
903 2365 929 2404 3
963 2360 1168 2405 elexerat
1195 2362 1237 2406 T
1357 2366 1382 2405 5
1417 2361 1672 2420 Tespiades
1702 2363 1745 2408 T

105 2461 417 2520 hippocrenae
442 2473 473 2507 α
503 2462 785 2524 hippocrene
819 2464 867 2508 E
1015 2468 1042 2508 8
1075 2465 1215 2508 austu
1238 2465 1419 2524 RTM
1457 2466 1598 2510 hastu
1624 2467 1682 2511 H
1721 2466 1798 2523 hic

105 2524 211 2567 uoto
236 2523 285 2567 D
436 2527 491 2567 12
521 2524 651 2568 rorat
682 2523 870 2583 DcM„
917 2524 1145 2567 rorantm
1299 2529 1352 2568 13
1384 2499 1552 2570 humor
1581 2526 1696 2571 ΒΜ

107 2585 163 2626 16
195 2581 411 2627 desorata
441 2582 591 2627 Barth
734 2587 788 2627 17
821 2556 1053 2639 quidquid
1091 2582 1205 2626 PM
1348 2588 1401 2628 18
1433 2584 1666 2642 profluens
1754 2587 1798 2632 G

167 2645 221 2685 19
253 2639 476 2686 innientis
500 2641 665 2687 PBH
697 2641 980 2687 inuenientis
1014 2643 1062 2698 (u
1092 2656 1196 2687 corr
1225 2641 1260 2700 i)
1287 2643 1330 2688 T
1371 2643 1627 2689 hinnientis
1650 2662 1688 2690 ω
1750 2649 1799 2691 et

103 2712 297 2746 recussu
321 2700 372 2744 E
412 2702 460 2745 et
481 2714 669 2745 recursu
693 2718 728 2745 ω
760 2701 827 2758 (111
856 2700 1051 2745 nitentis
1061 2702 1099 2758 ?)
1131 2702 1259 2746 ettae
1291 2715 1427 2747 cursu
1452 2705 1552 2749 coll.
1577 2720 1626 2762 p.
1645 2708 1799 2761 33,16

107 2757 300 2804 Plasber
401 2774 442 2805 v.
471 2759 579 2817 21l2
610 2766 717 2818 post
747 2760 854 2819 2:274
881 2761 924 2806 G
957 2774 1026 2805 om
1062 2761 1104 2805 T
1258 2765 1311 2805 21
1346 2761 1578 2819 quidquid
1609 2741 1732 2824 PM

107 2821 164 2862 28
196 2817 279 2874 qui
313 2817 428 2875 quid
461 2819 583 2878 ΡΜ
702 2818 979 2863 exanthlata
1010 2820 1106 2864 PR
1146 2820 1390 2866 exathlata
1414 2823 1471 2866 H
1522 2798 1799 2868 exathlanta

107 2875 258 2943 Πῦβ
313 2833 583 2922 qathlantis
593 2878 731 2923 Marc
761 2878 883 2935 galis
908 2879 1004 2923 PR
1036 2892 1178 2935 gazas
1207 2879 1249 2924 G
1279 2880 1409 2937 gazis
1434 2898 1468 2925 ω
1509 2895 1566 2926 ex
1589 2882 1799 2927 Atlantis

109 2934 238 2992 gazis
269 2936 355 2981 edd
400 2936 530 2994 gazis
562 2937 836 2982 exanthlata
865 2938 906 2982 T
933 2937 1087 2982 Graiis
1103 2943 1123 2982 ⁶?
1156 2939 1374 2998 Plasbery
