1976 3120
173 113 245 166 42
793 113 1265 160 MITOLOGIARUM

101 189 155 222 M.
170 240 302 288 unde
342 243 392 288 et
430 241 692 303 epomfalia
724 241 896 290 eodem
933 241 1043 290 loco
1081 241 1335 290 firmandis
1373 242 1556 296 fetibus
1595 258 1851 305 opponun·
1869 191 1927 228 a&

170 317 267 362 tur.
332 313 561 364 Ostendit
599 332 715 379 ergo
763 315 897 378 quod
934 315 1088 364 libido
1137 316 1369 379 quamuis
1417 317 1568 365 etiam
1613 316 1853 365 inuictam

171 388 332 451 possit
369 405 601 452 superare
640 390 894 438 uirtutem.

522 537 611 585 111.
667 537 895 586 Fabula
935 535 1072 586 Caci
1113 540 1172 587 et
1209 538 1499 587 Herculis.

105 657 148 690 ·5
286 641 338 688 Si
369 641 563 689 fumum
593 641 726 689 fures
759 644 1034 704 eructuant,
1075 642 1184 704 quis
1217 643 1524 690 inuolantem
1554 642 1674 690 dum
1702 646 1854 707 nogat

174 716 423 778 agnoscat.
486 715 618 778 Ergo
643 718 734 763 aut
756 715 1022 779 caliginem
1049 718 1138 764 aut
1168 716 1363 764 fumum
1384 716 1538 765 obicit
1567 733 1628 764 ne
1653 717 1855 780 agnosci

172 789 351 851 possit,
406 792 495 838 aut
544 789 596 836 in
644 789 836 836 fumum
889 790 1115 838 uanescit
1161 790 1442 839 substantia
1489 806 1620 852 quae
1666 790 1854 840 furtim

97 858 159 901 75
174 864 405 912 succedit.
467 862 623 912 Cacus
657 864 789 911 enim
815 862 1042 912 Herculis
1073 863 1225 912 boues
1257 864 1447 912 furasse
1479 857 1691 932 (1101111111,
1729 876 1853 928 quos

173 937 333 986 cauda
377 937 429 984 in
475 938 759 999 speluncam
807 939 992 986 tractos
1039 938 1368 998 abscondidit3
1424 954 1573 1000 quem
1618 938 1853 987 Hercules

107 1027 151 1061 10
171 1027 340 1073 presso
379 1014 584 1075 gutture
623 1011 886 1059 interfecit.
956 1010 1119 1060 Cacon
1155 1012 1286 1061 enim
1325 1011 1477 1060 Grece
1507 1012 1696 1061 malum
1732 1011 1853 1061 dioi-

171 1101 296 1133 mus.
373 1086 507 1149 Ergo
547 1086 703 1134 omnis
754 1085 949 1133 malitia
986 1086 1182 1134 fumum
1231 1089 1488 1148 eruptuat,
1543 1086 1595 1134 id
1642 1089 1719 1135 est
1762 1090 1854 1135 aut

172 1159 305 1221 quod
343 1162 515 1208 contra
561 1159 626 1207 sit
671 1159 875 1207 ueritati
918 1160 1011 1208 hoc
1050 1162 1126 1208 est
1170 1160 1271 1208 luci
1317 1163 1405 1208 aut
1450 1160 1586 1222 quod
1623 1159 1854 1208 acerbum

171 1233 239 1281 sit
269 1227 567 1300 uiffijdentibus
599 1235 656 1281 ut
685 1234 880 1282 fumum
912 1234 1069 1281 oculis
1100 1236 1190 1282 aut
1225 1234 1359 1296 quod
1396 1249 1587 1295 semper
1617 1233 1837 1282 occultas
1850 1241 1943 1285 675

172 1307 504 1369 obscurasque
550 1307 895 1356 cauillationes
942 1308 1138 1356 obiciat.
1213 1308 1330 1356 Ideo
1384 1310 1436 1356 et
1489 1307 1672 1370 duplex
1719 1306 1856 1370 quod

106 1397 149 1430 15
173 1381 369 1430 malitia
406 1381 747 1443 multiformis,
787 1397 885 1429 11011
922 1382 1130 1444 simplex
1161 1382 1247 1441 sit3
1294 1381 1481 1444 triplici
1520 1381 1672 1430 etiam
1707 1381 1852 1430 modo

172 1458 316 1504 nocet
353 1455 571 1516 malitia,
611 1458 699 1504 aut
735 1455 787 1502 in
826 1455 1047 1504 euidenti
1092 1459 1150 1504 ut
1186 1455 1436 1518 potentior
1481 1457 1569 1503 aut
1605 1454 1855 1504 subtiliter

172 1532 232 1577 ut
268 1529 423 1577 falsus
469 1530 656 1578 amicus
704 1533 793 1577 aut
840 1530 1030 1578 occulte
1069 1532 1129 1578 ut
1176 1529 1476 1592 inpossibilis
1514 1529 1658 1578 latro.
1732 1528 1850 1579 Ideo

172 1603 324 1651 etiam
376 1603 655 1652 subtractos
708 1603 860 1651 boues
914 1603 1208 1651 transuersis
1260 1603 1395 1651 ducit
1447 1603 1670 1666 uestigiis
1714 1601 1851 1665 quod

173 1677 330 1725 omnis
367 1677 630 1740 malignus,
670 1677 833 1725 aliena
871 1679 930 1724 ut
966 1677 1187 1739 inuadat,
1228 1679 1512 1724 transuersa
1550 1675 1849 1725 defensionis

104 1767 151 1799 ιο
172 1751 351 1798 nititur
379 1750 478 1798 uia.
547 1751 663 1798 Ideo
696 1753 746 1798 et
775 1751 905 1799 bona
935 1750 1162 1798 Herculis
1195 1750 1508 1812 concupiscit,
1542 1749 1660 1811 quia
1691 1750 1849 1798 omis

171 1823 458 1887 malignitas
498 1827 571 1872 est
601 1823 784 1884 uirtuti
813 1824 1074 1872 contraria.
1139 1824 1364 1885 Denique
1395 1824 1448 1871 in
1477 1824 1710 1886 spelunca
1741 1822 1849 1872 abs·

97 1907 159 1951 76
174 1898 420 1959 conditur,
453 1897 584 1960 quod
614 1913 887 1959 numquam
915 1891 1217 1965 maligniltas
1249 1899 1422 1960 aperta
1458 1897 1659 1945 liberior
1687 1897 1850 1946 fronte

175 1973 260 2035 sit3
300 1972 386 2020 sed
423 1972 583 2020 uirtus
624 1973 674 2019 et
711 1972 866 2020 malos
907 1971 1138 2019 interficit
1177 1973 1227 2019 et
1264 1987 1356 2019 sua
1393 1970 1628 2019 uindicat.

292 2177 321 2216 4
350 2187 440 2230 sqq.
472 2187 511 2218 v.
543 2171 688 2228 myth.
714 2170 820 2216 Vat.
852 2171 873 2214 I
905 2175 958 2215 66
1006 2170 1049 2214 Π
1082 2175 1164 2214 153
1211 2170 1276 2215 ΙΙΙ
1310 2175 1378 2226 13,
1399 2176 1420 2214 1

294 2384 317 2422 1
353 2378 592 2438 epimfalia
617 2376 703 2422 αθ
733 2376 1019 2434 epimphalia
1044 2377 1095 2422 E
1120 2376 1419 2435 epomphalia
1448 2377 1534 2422 edd
1638 2381 1664 2420 2
1696 2373 1851 2421 osten-

169 2437 303 2482 vflitm-
333 2438 389 2484 H
394 2439 478 2498 Dp
628 2441 653 2481 5
687 2438 900 2481 eructant
934 2437 978 2482 G
1125 2440 1150 2479 6
1184 2437 1267 2480 aut
1296 2435 1429 2494 fum.]
1460 2438 1514 2480 ut
1543 2435 1654 2480 fum
1678 2431 1850 2480 TBern

236 2500 260 2540 7
293 2498 518 2542 uanescat
550 2497 592 2540 T
737 2501 763 2540 8
795 2493 974 2540 herculi
1003 2494 1173 2540 RMD
1276 2494 1457 2538 furatus
1504 2507 1605 2539 esse
1646 2495 1794 2539 detero·

175 2560 202 2599 9
236 2555 482 2600 abscondit
500 2554 604 2599 ΤΗ
696 2559 751 2598 10
775 2553 946 2599 dicitur
964 2554 1006 2598 T
1093 2558 1145 2597 11
1174 2555 1388 2597 eructuat
1405 2549 1513 2598 HD
1640 2555 1695 2596 12
1725 2551 1852 2608 quod

176 2629 247 2659 om
276 2614 323 2659 R
413 2613 646 2659 contraria
675 2613 914 2659 DBernG
951 2613 1113 2657 contra
1143 2629 1177 2656 ω
1299 2612 1467 2656 acerba
1678 2613 1733 2653 18
1765 2607 1850 2668 sit]

176 2675 250 2718 est
279 2673 337 2717 H
419 2674 598 2718 fumum
628 2673 981 2718 PRMEBem
1009 2672 1162 2715 fumus
1195 2688 1230 2715 ω
1381 2675 1436 2715 14
1465 2669 1636 2727 triplex
1666 2669 1793 2714 Rern

182 2737 235 2776 15
267 2731 492 2776 triformis
523 2733 650 2776 Rern
800 2737 853 2776 16
886 2733 939 2775 ut
969 2729 1205 2788 potentior
1234 2730 1362 2774 Bem
1377 2731 1521 2774 datm
1527 2685 1850 2785 Ppotentioroe

238 2796 291 2835 17
325 2793 378 2834 ut
407 2790 555 2835 falsus
590 2790 924 2836 G-Berndeterr
967 2789 1114 2834 falsus
1146 2805 1181 2832 ω
1271 2787 1452 2833 occulte
1481 2788 1554 2846 ut]
1590 2785 1770 2832 occulte
1800 2784 1859 2831 H

235 2849 475 2907 possibilis
493 2850 543 2894 Ε
570 2848 823 2893 inuisibilis
840 2850 973 2906 Neap
1004 2846 1355 2904 improuisibilis
1372 2846 1524 2892 Barth
1614 2850 1669 2890 18
1698 2846 1852 2893 tranu-

178 2923 336 2953 uersos
369 2909 419 2953 D
539 2913 592 2952 19
625 2909 696 2966 ut]
730 2909 813 2951 aut
849 2908 890 2951 T
980 2909 1192 2951 trauersa
1222 2907 1323 2951 ΕΤ
1435 2910 1491 2949 20
1522 2903 1668 2949 utitur
1692 2904 1739 2948 P
