1976 3120
805 110 988 155 LIBER
1018 110 1040 154 I
1709 109 1780 162 29

528 237 712 286 XVIII.
766 236 996 286 Fabula
1034 235 1334 285 Mercurii.

198 341 251 390 Si
297 342 447 391 furtis
502 342 828 405 praefuerunt
873 341 964 402 dii,
1020 358 1119 391 non
1166 341 1273 390 erat
1322 354 1446 402 opus
1495 338 1784 388 criminibus

83 415 321 479 iudicem,
377 433 435 465 ex
489 432 587 479 quo
643 416 818 478 culpae
872 415 1157 464 habuerunt
1207 414 1472 462 caelestem
1517 414 1786 462 auctorem.

84 490 388 540 Mercurium
443 491 616 539 dicunt
668 505 895 553 praeesse
958 483 1209 557 nesigotiis,
1272 489 1471 552 uirgam
1528 488 1770 536 ferentem
1784 498 1876 539 648

86 564 400 628 serpentibus
440 580 637 627 nexam,
689 564 920 627 pennatis
962 580 1158 627 quoque
1205 562 1449 612 talaribus
1487 561 1787 625 praeditum,
1812 578 1832 610 5

0 650 69 694 ¹53
85 639 218 688 hunc
253 635 260 705 Ι
296 639 449 687 etiam
479 639 844 688 internuntium
879 639 1279 701 furatrinumque
1310 637 1469 685 deum.
1534 635 1663 694 Quid
1693 636 1790 685 sibi

83 729 206 763 uero
260 713 407 762 huius
460 714 675 762 nominis
721 716 873 776 atque
926 713 1161 777 imaginis
1213 711 1513 776 significatio
1562 711 1786 774 disserat,

85 787 354 837 edicamus.
415 788 715 836 Mercurium
738 787 838 836 dici
869 788 1138 837 uoluerunt
1165 786 1309 849 quasi
1331 786 1787 847 mercium-curum,

21 893 34 916 ‚·
84 862 248 911 omnis
288 879 405 927 ergo
445 862 732 927 negotiator
770 862 868 911 dici
906 864 1075 925 potest
1114 860 1402 910 Mercurius.

702 1009 893 1068 Quare
930 1027 1169 1074 pennas.

192 1114 420 1164 Pennata
458 1131 578 1165 uero
617 1115 813 1178 talaria,
855 1114 988 1177 quod
1018 1115 1369 1180 negotiantum
1399 1115 1550 1178 pedes
1590 1115 1780 1178 ubique

82 1189 334 1254 pergendo
374 1184 563 1254 [quasi]
606 1189 815 1252 pennati
853 1192 984 1238 sunt.
1017 1185 1034 1254 ΙΙ

702 1336 896 1394 Quare
935 1337 1184 1401 uirgam.
1789 1346 1880 1388 649

209 1439 418 1503 Uirgam
470 1457 589 1490 uero
645 1441 955 1504 serpentibus
1009 1458 1187 1491 nexam
1246 1442 1306 1491 ob
1362 1443 1452 1492 hoc
1507 1435 1788 1510 adiciunt,{

96 1513 235 1576 quod
278 1517 524 1563 mercatus
578 1514 662 1563 det
708 1516 975 1579 aliquando
1021 1523 1231 1581 regnum
1277 1519 1335 1564 ut
1380 1519 1651 1580 sceptrum,
1707 1516 1792 1566 det
1816 1529 1857 1562 15

90 1588 278 1636 uulnus
317 1590 374 1636 ut
411 1591 711 1652 serpentum.

502 1736 694 1795 Quare
735 1739 1001 1802 galerem
1040 1741 1098 1787 et
1137 1740 1380 1804 gallum.

209 1838 386 1888 Galere
434 1841 565 1889 enim
611 1844 812 1904 coperto
853 1842 1017 1905 capite
1055 1842 1295 1907 pingitur,
1345 1843 1479 1906 quod
1518 1860 1660 1893 omne
1708 1860 1790 1891 ne-

87 1914 292 1979 gotium
322 1910 338 1979 ΙΙ
377 1914 444 1963 sit
488 1931 682 1979 semper
727 1917 1033 1965 absconsum.
1103 1916 1302 1966 Gallum
1343 1935 1539 1981 quoque
1578 1919 1631 1966 in
1671 1918 1776 1966 eius
1790 1929 1882 1972 650

90 1992 288 2051 ponunt
325 1990 560 2052 tutelam,
611 1990 717 2038 siue
756 1991 893 2074 quod
939 1991 1097 2040 omnis
1144 1992 1429 2056 negotiator
1475 2008 1669 2056 semper
1715 1992 1789 2040 in-
1816 2011 1859 2042 20

92 2062 273 2186 111811εὲ
326 2079 414 2112 seu
469 2064 603 2127 quod
656 2065 718 2112 ab
773 2065 878 2114 eius
933 2067 1083 2114 cantu
1130 2070 1340 2131 surgant
1394 2067 1458 2115 ad
1494 2067 1791 2132 peragenda

96 2152 224 2201 nego
250 2153 312 2186 ia.

219 2327 242 2366 1
267 2337 357 2380 sqq.
390 2337 430 2368 v.
463 2325 610 2382 myth.
635 2325 743 2371 Vat.
776 2326 819 2370 II
850 2331 922 2372 41.
947 2331 1004 2370 42
1051 2325 1117 2370 III
1150 2331 1189 2382 9,
1211 2332 1250 2384 1,
1270 2332 1295 2371 3

220 2504 247 2544 3
279 2500 434 2546 iudice
462 2502 506 2547 G
595 2502 826 2548 abuerunt
854 2504 896 2548 T
1027 2508 1053 2547 5
1086 2503 1295 2561 pinnatis
1319 2505 1420 2549 ΒΤ
1553 2510 1579 2549 8
1613 2505 1792 2550 edisca-

49 2566 52 2570 ’
100 2573 205 2604 mus
233 2561 275 2605 T
361 2574 521 2617 cyrum
551 2562 593 2606 T
677 2576 836 2606 curam
866 2564 994 2608 Ber‘n
1139 2567 1194 2607 10
1224 2563 1394 2622 pinnas
1419 2565 1466 2609 R
1604 2569 1656 2608 11
1690 2565 1793 2623 pin-

101 2620 216 2664 nata
243 2620 286 2665 Τ
356 2620 702 2678 negotiantium
732 2623 773 2666 T
780 2623 808 2682 β
935 2627 989 2666 12
1023 2621 1159 2678 quasi
1183 2637 1254 2668 om
1270 2623 1316 2669 R
1332 2624 1434 2668 ΤΗ
1435 2624 1499 2668 Μ
1502 2624 1546 2669 G-
1575 2638 1794 2682 suprascr

104 2677 163 2722 H
167 2678 211 2724 G
338 2680 526 2737 pinnati
556 2681 659 2725 ΕΤ
827 2686 882 2726 13
931 2681 1084 2735 Quare
1128 2680 1247 2740 uirg.
1294 2697 1366 2728 om
1398 2683 1448 2728 E
1612 2687 1666 2728 15
1713 2684 1795 2729 det

103 2736 294 2798 uulnus]
341 2740 390 2784 et
433 2738 603 2784 uulnus
642 2740 728 2800 Ββ
903 2745 956 2784 17
1004 2740 1216 2798 galerum
1261 2742 1350 2802 1)ss
1416 2741 1644 2800 gallerem
1683 2744 1740 2787 H

106 2798 162 2839 18
192 2796 352 2854 galero
377 2799 405 2858 β
435 2798 645 2856 galei-om
673 2814 730 2845 ex
759 2800 967 2858 galerem
982 2801 1036 2844 H
1122 2800 1266 2845 etiam
1290 2801 1353 2846 M
1357 2803 1385 2862 β
1417 2802 1562 2846 etiam
1593 2802 1718 2847 enim
1741 2802 1799 2847 H

165 2858 352 2913 coperto
380 2857 484 2903 ΒΤ
523 2860 741 2917 cooperto
773 2877 808 2904 ω
915 2873 1100 2904 omnem
1130 2859 1191 2920 R
1208 2861 1270 2904 M
1413 2866 1466 2905 21
1502 2862 1564 2906 ad
1595 2876 1666 2908 om
1695 2862 1799 2907 TM

106 2915 423 2972 peragendam
450 2917 492 2962 Τ
