1904 3126
613 548 879 604 OTTONI
917 546 1296 602 PLASBERG
1337 547 1388 601 S.

265 660 507 719 Quoniam
545 660 869 708 iniucundum
909 658 1043 721 quod
1090 657 1215 705 dixit
1252 656 1682 706 Reifferscheidius
1721 658 1839 706 Ful-

152 736 308 800 gentii
348 735 522 784 edendi
562 751 686 798 opus
723 733 1019 796 perfecimus
1060 735 1109 780 et
1147 733 1198 779 in
1230 731 1390 779 lucem
1420 731 1522 778 iam
1554 731 1838 794 proditurus

153 814 230 859 est
273 813 447 858 auctor
492 809 573 858 cui
611 826 700 871 per
736 811 814 856 tot
859 822 1050 855 menses
1089 807 1169 854 uel
1209 821 1364 854 annos
1404 821 1645 854 summam
1685 822 1836 854 naua-

150 885 318 933 uimus
350 899 566 946 operam,
596 883 758 932 nescio
792 883 872 930 cui
904 881 1070 944 potius
1103 881 1279 929 horum
1312 880 1586 928 studiorum
1616 881 1838 929 fructum

152 959 328 1007 donem
366 974 518 1021 quam
555 957 663 1019 tibi,
702 957 857 1005 amice
896 955 1160 1005 carissime.
1225 955 1357 1002 Nam
1397 970 1700 1017 quamquam
1739 971 1838 1003 non

153 1033 332 1081 desunt
382 1032 561 1095 quibus
608 1032 760 1080 etiam
807 1034 959 1093 atque
1007 1030 1158 1078 etiam
1196 1031 1397 1093 gratum
1437 1029 1658 1077 animum
1697 1045 1837 1092 prae-

154 1109 286 1156 stare
323 1106 489 1168 uelim,
527 1110 694 1154 tamen
725 1105 848 1154 uiris
878 1105 981 1153 illis
1013 1103 1237 1152 doctrina
1267 1103 1456 1166 pariter
1487 1107 1636 1166 atque
1669 1106 1835 1151 aucto-

151 1182 302 1230 ritate
355 1180 726 1244 praestantibus
779 1180 872 1228 hoc
924 1183 1074 1227 tenue
1121 1179 1474 1226 munusculum
1520 1179 1692 1225 offerre
1738 1193 1838 1226 non

152 1256 323 1304 audeo.
398 1255 469 1303 At
504 1258 580 1316 te,
619 1254 705 1317 qui
741 1254 864 1301 mihi
903 1253 1128 1301 omnibus
1165 1252 1218 1311 in
1258 1252 1420 1300 causis
1461 1251 1566 1300 siue
1606 1253 1669 1299 ad
1709 1267 1836 1300 com-

151 1345 300 1378 mune
361 1329 642 1377 litterarum
703 1328 924 1376 studium
986 1327 1091 1375 siue
1152 1326 1215 1374 ad
1277 1326 1401 1374 alias
1455 1341 1531 1374 res
1586 1327 1838 1388 pertinent

155 1403 376 1452 amicitia
408 1403 597 1452 sincera
629 1405 679 1450 et
710 1401 950 1465 singulari
981 1403 1179 1463 praesto
1213 1415 1315 1448 esse
1348 1400 1490 1462 soles,
1527 1400 1620 1448 hoc
1651 1401 1837 1448 donum

153 1478 663 1540 quantulumcumque
697 1480 770 1524 est
802 1480 1182 1538 aspernatumm
1220 1490 1318 1523 non
1359 1490 1460 1523 esse
1500 1490 1658 1537 spem,
1696 1489 1836 1536 prae-

152 1551 321 1600 sertim
367 1568 480 1600 cum
526 1551 751 1599 omnibus
795 1550 848 1598 in
888 1548 1256 1612 quaestionibus
1304 1551 1355 1597 et
1399 1548 1735 1612 grammaticis
1787 1551 1838 1596 et

150 1625 420 1687 historiciS‚
475 1625 653 1688 quibus
706 1625 787 1672 hic
840 1626 1015 1672 auctor
1060 1622 1442 1671 iucundissimus
1488 1622 1611 1670 mihi
1658 1639 1715 1670 ex
1761 1622 1834 1669 in-

150 1700 364 1749 iucundo
410 1700 571 1748 factus
611 1702 707 1761 est,
742 1699 848 1760 ipse
889 1698 1105 1746 studiose
1146 1697 1412 1746 comitatus
1451 1713 1529 1745 me
1569 1697 1833 1745 coercendo

149 1774 426 1835 incitando,
478 1773 727 1821 laudando
780 1772 1041 1820 refutando
1097 1771 1368 1833 adiuueris,
1429 1774 1487 1818 ut
1538 1771 1680 1819 nulla
1733 1771 1836 1819 fere

150 1849 336 1912 pagina
373 1852 459 1896 tuo
501 1847 719 1896 subsidio
760 1847 988 1895 caruerit.
1064 1846 1237 1894 Ualem

262 2070 472 2119 Fabium
502 2069 819 2118 Planciadem
848 2068 1169 2131 Fulgentium
1199 2068 1447 2116 hominem
1476 2067 1654 2115 Afrum
1686 2066 1838 2115 fuisse

154 2144 310 2193 nobili
348 2145 455 2192 loco
495 2147 658 2192 ortum
695 2143 797 2191 iam
835 2159 923 2206 pro
964 2146 1096 2191 certo
1127 2142 1307 2190 habere
1337 2142 1470 2202 licet,
1509 2157 1618 2189 cum
1651 2144 1700 2189 et
1730 2141 1836 2203 ipse

154 2233 205 2267 se
227 2218 505 2267 Romanum
531 2233 633 2266 esse
658 2220 805 2281 neget
828 2214 1000 2279 (p.86‚
1021 2213 1111 2279 11)
1148 2219 1197 2263 et
1226 2215 1466 2264 librorum
1498 2215 1556 2262 de
1589 2214 1835 2264 aetatibus

151 2292 327 2340 mundi
358 2295 408 2340 et
437 2292 664 2353 hominis,
703 2307 824 2354 quos
857 2291 977 2354 quin
1007 2291 1138 2338 idem
1170 2290 1421 2352 scripserit
1430 2284 1470 2353 1)
1504 2289 1721 2337 dubitari
1751 2289 1835 2336 uix

152 2369 333 2429 potest,
365 2368 539 2414 auctor
567 2365 791 2430 linguam
814 2365 1051 2427 Libycam
1081 2379 1221 2413 suam
1246 2379 1348 2412 esse
1374 2364 1507 2412 dicat
1531 2357 1600 2430 (p.
1622 2357 1743 2424 131,
1764 2357 1834 2430 7).

152 2439 327 2502 Neque
351 2440 511 2503 magis
533 2440 790 2488 haeremus
814 2439 1133 2502 inquirentes,
1164 2453 1379 2501 quanam
1403 2440 1567 2486 aetate
1598 2437 1835 2498 floruerit,

155 2513 389 2576 quoniam
421 2513 586 2562 omnia
618 2516 910 2578 argumenta
942 2529 1054 2561 eum
1084 2513 1279 2561 saeculo
1303 2512 1350 2558 V
1383 2515 1603 2572 exeunte,
1632 2512 1833 2559 ineunte

154 2591 289 2637 sexto
338 2587 520 2636 uixisse
563 2588 808 2636 euincunt.
884 2587 1100 2635 Nomina
1138 2589 1307 2635 autem
1346 2584 1542 2634 Claudii
1580 2585 1833 2646 Gordiani,

154 2677 281 2724 quae
321 2662 511 2711 auctori
550 2662 665 2710 libri
704 2662 762 2710 de
803 2665 898 2710 aet.
931 2679 993 2709 m.
1027 2660 1113 2723 qui
1150 2660 1438 2709 inscribitur
1476 2659 1832 2720 attribuuntur,

153 2751 265 2784 cum
300 2736 403 2784 iam
441 2736 698 2784 Planciadi
744 2739 875 2784 recte
916 2735 1127 2783 adscribi
1164 2735 1444 2796 uideantur,
1488 2734 1712 2797 quaestio
1753 2749 1830 2781 ex·

154 2809 327 2871 oritur,
359 2810 493 2872 quod
523 2811 653 2859 inter
684 2826 796 2858 eum
829 2813 878 2858 et
910 2810 1193 2872 episcopum
1223 2809 1530 2871 Ruspensem
1559 2807 1832 2856 intercedat

274 2970 317 3022 1)
349 2965 406 3010 c'f.
438 2965 667 3023 Philolog.
691 2965 792 3010 LVI
816 2969 903 3009 253
921 2979 1018 3022 sqq.

1506 3039 1565 3080 a*
