1976 3120
688 112 889 158 MUNDI
918 111 998 157 ET
1028 111 1285 157 nomme
1641 87 1645 90 ’
1724 111 1830 165 169

1847 189 1886 220 Η

145 239 344 288 uanitas
385 238 629 287 sacrificat
674 254 836 287 uanae
874 238 1036 288 famae
1082 238 1249 286 miseri
1296 235 1376 286 sui
1413 238 1633 300 corporis
1671 254 1832 301 poena
1849 249 1976 285 aben]

146 315 198 362 et
234 316 292 362 ut
325 313 522 362 nomine
553 315 754 362 tantum
787 313 1020 376 opinatus
1054 312 1297 375 existeret,
1336 311 1670 361 membrorum
1700 313 1835 361 facta

146 390 222 437 est
251 389 459 450 turpata
488 387 646 435 ruina.
709 386 840 444 Quid
868 387 1082 436 referam
1114 385 1369 435 Cannense
1398 386 1661 434 interitum
1691 389 1834 435 terno

144 461 310 512 modio
350 462 622 526 digitorum
669 462 861 510 exuuiis
911 462 1244 524 diffamatum,
1290 461 1407 508 dum
1447 460 1698 524 Carthago
1736 461 1833 510 Ro·
1899 480 1902 485 ·

143 536 304 584 manis
357 536 701 599 potentatibus
755 536 915 584 utitur
961 539 1011 584 et
1058 535 1287 584 Cremera
1333 535 1612 585 senatoriae
1659 536 1833 584 mortis
1858 551 1879 584 5

145 610 491 660 diffusionibus
532 612 903 674 augmentatur,
945 610 1066 673 quid
1103 610 1241 658 urbis
1277 609 1535 673 inruptum
1576 610 1833 658 anserinae

144 684 283 734 uocis
321 685 503 734 indicio
544 688 754 747 erutum,
795 685 916 747 quid
946 685 1201 733 Marianae
1233 685 1387 747 pestis
1427 684 1636 733 scidium
1675 684 1834 733 ciuico

145 759 387 823 sanguine
426 759 678 807 satiatum.
747 759 932 807 Feruet
968 759 1274 822 Pompeiana
1311 759 1524 808 uictoria
1562 758 1834 807 Mitridatis

143 833 330 896 toxico,
392 849 632 883 concursu
692 833 925 897 piratico,
981 834 1193 897 Tigrane
1254 836 1503 882 maerente
1556 833 1833 895 Armenico,

142 906 351 958 Pontico
385 908 536 956 etiam
559 907 873 957 Uiridomaro
905 908 1137 956 tristante
1171 908 1387 970 captiuo.
1447 907 1646 956 Primus
1676 907 1834 972 igitur
1858 924 1902 955 10

146 985 196 1031 et
249 981 480 1031 Iudaicas
535 997 652 1044 opes
706 982 890 1045 praedo
945 982 1169 1045 peruasit
1223 984 1273 1030 et
1335 982 1568 1030 dominici
1629 983 1834 1031 sacrarii

146 1058 436 1106 ornamenta
467 1056 703 1106 Romanis
740 1057 910 1105 usibus
943 1057 1176 1105 subdidit.
1240 1055 1370 1113 Quid
1400 1057 1614 1105 referam
1646 1057 1833 1120 Scipio-

143 1147 264 1180 neas
316 1131 494 1179 Punici
547 1131 791 1193 triumphi
844 1131 1101 1193 uictoriaS,
1158 1131 1276 1179 dum
1333 1132 1499 1194 opima
1551 1130 1834 1196 Cartaginis

146 1206 454 1268 antiquaque
485 1205 711 1268 potentia
742 1205 836 1253 sibi
866 1206 1136 1270 pugnando
1168 1205 1333 1268 periit,
1369 1206 1556 1255 Romae
1585 1205 1835 1270 pugnanti

143 1280 342 1343 proficit
366 1307 435 1313 —
461 1280 620 1328 Roma
652 1280 782 1327 enim
821 1283 936 1328 ante
970 1281 1210 1328 exhausta
1240 1279 1484 1329 uincendo
1515 1280 1835 1342 recuperauit
1858 1293 1903 1328 15

147 1354 281 1417 quod
317 1354 549 1416 perdidit,
589 1357 643 1402 at
680 1371 800 1403 uero
839 1353 1087 1418 Carthago
1128 1357 1243 1402 ante
1281 1355 1464 1403 uictrix
1494 1370 1626 1402 nunc
1659 1357 1834 1403 exusta

146 1431 196 1477 et
236 1429 368 1491 quod
403 1428 576 1491 rapuit
612 1428 827 1476 reddidit
866 1432 916 1477 et
963 1429 1097 1491 quod
1134 1428 1311 1477 habuit
1348 1428 1565 1492 perdidit
1598 1456 1682 1491 —,
1714 1428 1835 1492 quid

146 1501 457 1552 Corinthicae
502 1502 790 1551 maiestates
836 1503 1098 1566 uictoriae,
1152 1503 1272 1566 quid
1321 1502 1588 1551 Cimbricas
1634 1505 1834 1566 mortes,

145 1577 442 1626 Teutonicas
487 1576 671 1639 rabies3
720 1580 769 1625 et
813 1594 874 1625 ne
922 1578 1087 1626 omnia
1132 1593 1427 1640 prosequar:
1475 1578 1634 1626 creuit
1675 1578 1834 1627 Roma

144 1667 336 1714 semper
382 1666 470 1699 suo
518 1651 720 1699 studens
767 1651 1023 1713 dispendio
1071 1654 1121 1700 et
1166 1652 1285 1699 dum
1332 1644 1441 1719 silbi
1486 1667 1687 1714 parcere
1733 1669 1831 1701 non
1848 1660 1910 1701 43

142 1725 306 1788 nouit,
369 1724 567 1774 domina
630 1726 803 1774 effecta
865 1728 939 1774 est
998 1726 1197 1774 mundo.
1299 1725 1554 1783 Quantum
1606 1726 1831 1776 Romano
1856 1741 1899 1772 21

144 1799 384 1863 sanguine
417 1799 630 1847 satiatus
663 1802 738 1848 est
767 1800 1008 1863 Uiriatus,
1040 1805 1282 1863 aspersus
1305 1803 1380 1848 est
1402 1801 1620 1862 Poenus3
1655 1801 1832 1850 omitto

27 1902 30 1913 ·
123 1874 281 1923 nefas
325 1873 634 1937 Partiacum,
683 1876 863 1922 aurata
907 1877 1067 1924 morte
1112 1875 1390 1938 principem
1436 1875 1832 1937 condemnatum,

142 1947 231 1996 ubi
286 1948 503 1996 auaritia
558 1948 690 2010 quod
743 1948 926 1998 iniusto
981 1951 1103 1998 uoto
1152 1949 1436 2012 quaesierat
1489 1950 1624 1997 iusta
1673 1965 1834 2012 poena

142 2022 364 2085 repperit
402 2025 452 2071 et
490 2023 735 2085 cupiditas
776 2023 896 2070 dum
935 2023 1209 2086 concupitis
1255 2024 1442 2072 fruitur
1481 2023 1686 2073 bibendo
1733 2041 1832 2073 non
1857 2037 1902 2070 25

144 2096 286 2158 uixit,
326 2124 395 2129 —
435 2113 637 2159 nouum,
675 2097 851 2159 fateor,
890 2096 1157 2145 Persarum
1194 2097 1446 2160 iudicium,
1486 2101 1545 2146 ut
1583 2098 1833 2161 cupiditas

144 2170 264 2218 dum
303 2186 360 2218 ex
398 2170 450 2217 id
490 2171 623 2233 quod
662 2171 908 2219 desiderat
944 2171 1086 2220 fieret
1124 2174 1370 2233 saturata,
1417 2172 1526 2234 ipsa
1564 2172 1659 2220 sibi
1698 2175 1832 2221 satu-

142 2244 266 2292 ritas
321 2245 456 2293 facta
509 2246 586 2293 est
637 2260 811 2307 poena.
904 2244 1034 2301 Quid
1089 2243 1290 2308 Caesar,
1347 2246 1434 2308 qui
1487 2246 1702 2310 fatigato
1756 2249 1835 2295 tot

143 2318 412 2381 triumphis
451 2319 826 2367 succedentibus
865 2319 1050 2368 mundo
1089 2319 1196 2382 ipse
1234 2322 1434 2368 tantum
1471 2320 1835 2384 indefatigatus

266 2449 320 2488 23
345 2445 401 2500 cf.
426 2443 546 2490 Plin.
570 2446 668 2489 nat.
693 2444 802 2490 hist.
827 2445 1022 2489 XXXIII
1037 2450 1093 2490 48
1121 2445 1246 2490 Serv.
1274 2446 1334 2490 ad
1350 2445 1488 2504 Verg.
1508 2446 1622 2492 Aen.
1639 2446 1725 2491 VII
1747 2451 1833 2491 606

266 2570 288 2608 1
323 2564 452 2607 fama
482 2562 663 2607 miseris
689 2564 736 2608 P
863 2569 888 2607 2
922 2564 1155 2622 opimatus
1180 2565 1440 2621 Reiffersch.
1574 2571 1600 2610 3
1634 2579 1835 2628 cannese

144 2637 381 2681 suprascr:
420 2622 619 2685 caudine
644 2623 680 2668 S
810 2628 839 2667 4
871 2623 1053 2668 exubiis
1077 2625 1123 2669 R
1133 2624 1179 2667 P
1206 2625 1278 2680 (m.
1309 2627 1342 2669 2
1373 2626 1467 2670 add
1499 2640 1520 2669 s
1551 2640 1695 2683 supra
1725 2628 1774 2683 u)

146 2684 338 2740 cartago
370 2683 406 2728 S
566 2687 592 2726 6
633 2681 991 2727 diffinitionibus
1025 2683 1061 2728 S
1103 2682 1480 2728 defunctionibus
1508 2686 1772 2741 Reiffersch.

147 2745 172 2785 7
197 2741 447 2786 discidium
463 2741 500 2787 S
571 2740 702 2785 ciuili
718 2742 755 2787 S
840 2748 865 2787 9
889 2742 1102 2799 pyratico
1121 2743 1157 2788 S
1236 2748 1291 2787 15
1314 2744 1514 2801 profecit
1530 2744 1567 2790 S
1655 2749 1708 2788 16
1733 2758 1833 2789 car-

144 2801 258 2858 tago
280 2801 327 2846 R
365 2801 565 2858 kartago
591 2801 627 2846 S
689 2802 917 2846 exhausta
941 2802 977 2846 S
1065 2806 1119 2845 18
1152 2801 1374 2863 corintice
1398 2804 1444 2848 R
1480 2804 1717 2865 corintyce
1742 2804 1778 2849 S

147 2859 382 2915 cymbicas
407 2860 443 2906 S
511 2865 565 2904 19
589 2860 918 2905 theuthonicas
943 2861 989 2904 P
1057 2865 1111 2904 21
1137 2861 1301 2906 mundi
1324 2863 1359 2908 S
1439 2868 1495 2906 23
1521 2864 1831 2921 condempna-

144 2919 247 2962 tum
270 2919 359 2964 RS
435 2924 491 2963 25
522 2919 724 2964 uiuendo
749 2937 784 2964 ω
821 2920 1026 2964 bibendo
1050 2921 1311 2976 Reiffersch.
1385 2927 1441 2967 27
1474 2936 1531 2967 ex
1563 2936 1617 2967 eo
1649 2923 1775 2979 quod
1800 2922 1836 2967 S
