1976 3120
706 99 907 145 MUNDI
937 98 1016 143 ET
1046 97 1305 144 HOMINIS
1742 98 1846 152 159

1860 175 1900 208 Η

158 225 442 276 summauit.
496 226 638 274 Licet
669 226 730 274 ab
760 225 900 287 isopo
931 240 1091 287 usque
1122 224 1175 272 in
1207 224 1376 273 cedros
1403 223 1582 271 Libani
1611 225 1847 287 disputet,
1863 199 1976 270 adest⁴

158 301 278 349 licet
331 300 490 348 austri
542 301 768 364 reginam
822 314 967 348 suam
1021 299 1318 362 sapientiam
1379 298 1709 346 admirantem
1771 316 1848 346 ex-

157 376 368 438 spectet,
418 375 647 437 quamuis
693 374 938 436 templum
976 373 1226 421 ineffabile
1266 375 1541 435 construat,
1590 373 1848 435 spiritibus

85 462 88 466 -
156 448 340 510 jubeat,
379 449 645 511 prudentia
677 448 907 512 confluat,
944 447 1142 496 iudiciis
1182 448 1375 510 calleat,
1415 446 1605 495 diuitiis
1643 447 1851 511 fulgeat,

157 537 281 572 auro
311 516 517 591 rutillet,
556 523 762 587 gemmis
794 522 1031 584 ardescat,
1069 525 1239 570 tamen
1270 521 1621 571 caracteriauit
1649 522 1703 569 in
1738 522 1847 570 uita
1861 533 1923 575 32

159 597 402 660 quidquid
439 598 646 646 insitum
682 599 906 644 traxerat
937 596 995 644 de
1026 599 1208 644 natura
1239 599 1291 645 et
1323 595 1541 644 libidinis
1573 596 1849 645 cauterium
1874 614 1894 646 6

157 671 373 735 genuina
411 672 706 720 feculentiae
744 671 995 720 inustione
1035 671 1287 735 signatum
1323 671 1460 719 uitae
1490 670 1766 733 picturauit
1796 671 1849 718 in

158 762 380 810 regnum.
457 746 638 794 Factus
684 746 856 808 itaque
903 745 1242 794 concubinalis
1290 745 1533 794 exercitus
1571 745 1847 808 incubator,

156 820 449 868 matronalis
502 821 676 883 populi
730 819 1013 882 adsecutor,
1075 820 1559 868 adulescentularum
1613 820 1847 884 gregibus

155 896 340 957 pastor,
374 894 766 959 alienigenarum
797 896 970 942 contra
997 894 1397 943 interdictionem
1421 896 1615 943 amator
1640 897 1689 942 et
1713 894 1847 956 quod
1873 911 1915 943 10

157 968 386 1017 omnibus
433 968 650 1017 deterius
698 971 773 1017 est
819 968 1082 1033 gentilium
1122 968 1325 1017 deorum
1363 968 1415 1015 in
1453 971 1708 1017 senectute
1747 969 1849 1016 iam

155 1058 255 1091 non
309 1043 746 1106 prudentissimus,
801 1043 888 1091 sed
939 1042 1209 1105 inprudens
1265 1043 1436 1091 cultor.
1528 1042 1658 1100 Quid
1711 1044 1849 1091 ultra

155 1117 368 1165 referam
397 1120 476 1166 tot
505 1133 682 1182 regum
711 1118 898 1180 ruinas,
937 1119 1015 1166 tot
1045 1117 1308 1165 criminum
1340 1117 1539 1180 scelera,
1578 1120 1656 1166 tot
1686 1120 1848 1166 trans-

157 1191 466 1255 gressionum
511 1191 754 1254 facinora,
801 1195 860 1240 ut
897 1191 1036 1240 Acab
1085 1191 1277 1239 alienae
1323 1191 1500 1240 uineae
1549 1207 1733 1240 auarus
1773 1192 1847 1239 in-

156 1281 307 1314 uasor
360 1266 619 1328 aequalem
665 1266 840 1328 culpae
887 1266 1180 1314 sustinuerit
1228 1266 1438 1328 poenale
1483 1266 1744 1328 iudicium,
1799 1269 1850 1315 et
1873 1283 1915 1316 15

157 1339 386 1402 quamuis
441 1340 600 1388 diuini
653 1340 884 1389 miraculi
937 1340 1166 1388 oculatus
1218 1340 1362 1388 testis
1425 1341 1666 1402 extiterit,
1729 1341 1849 1388 dum

157 1413 384 1462 ardentia
431 1414 554 1462 caeli
600 1414 800 1479 fulgora
848 1417 898 1462 et
942 1417 1132 1463 rotatos
1173 1414 1399 1463 sacrificii
1438 1414 1578 1479 ignes
1618 1415 1756 1463 Elias
1796 1415 1849 1463 in

156 1488 498 1536 testimonium
553 1505 703 1537 uerae
758 1488 958 1537 deitatis
1015 1489 1241 1550 extorsit,
1304 1489 1516 1551 denique
1578 1490 1848 1539 lucicolum

156 1562 467 1611 sacerdotum
491 1562 834 1611 interfectione
858 1565 1159 1626 perpetrata,
1191 1563 1414 1626 relegata
1438 1563 1674 1611 triennali
1698 1564 1845 1612 exilio

154 1635 329 1684 nubila
373 1635 613 1699 profetico
652 1637 705 1684 in
743 1640 1051 1686 momentum
1099 1637 1283 1685 iterum
1321 1637 1599 1686 redduntur
1637 1638 1846 1700 imperio
1872 1656 1915 1688 20

155 1713 206 1759 et
252 1710 498 1773 quidquid
545 1711 687 1759 arida
732 1712 998 1760 sterilitate
1046 1714 1304 1760 exaustum
1343 1712 1644 1774 siccauerat,
1689 1712 1848 1760 imber

154 1790 404 1848 regressus
435 1785 676 1834 uiridanti
704 1786 923 1850 germine
947 1786 1233 1849 reuestibat,
1258 1814 1328 1819 —
1355 1788 1406 1834 et
1436 1788 1604 1835 tamen
1629 1787 1746 1834 dum
1769 1790 1847 1836 tot

157 1874 214 1907 ac
258 1859 415 1909 tantis
461 1860 897 1909 manifestantibus
943 1860 1244 1909 testimoniis
1278 1856 1564 1924 doceretur,
1610 1861 1846 1910 Iezabelis

154 1935 323 1981 tamen
376 1934 656 1983 uirulentae
709 1935 1044 1998 persuasionis
1090 1938 1335 1984 nocturna
1381 1935 1603 2000 coniugis
1653 1952 1848 1984 uenena

156 2007 400 2055 sorbebat.
485 2006 581 2057 Sed
635 2025 744 2058 ecce
791 2009 965 2057 diuina
1016 2009 1198 2057 uindex
1244 2010 1447 2058 dextera
1499 2010 1551 2057 in
1601 2010 1847 2059 idolorum
1872 2027 1914 2061 25

275 2146 299 2185 1
332 2143 390 2197 cf.
422 2142 444 2186 I
467 2141 580 2201 Reg.
606 2147 646 2199 4,
674 2147 729 2186 33
881 2147 907 2186 3
931 2157 1022 2201 sqq.
1056 2145 1114 2199 cf.
1139 2144 1160 2187 Ι
1183 2143 1297 2202 Reg.
1325 2149 1470 2188 6—10
1621 2148 1646 2187 8
1671 2159 1759 2201 sqq.
1787 2145 1844 2200 cf.

155 2201 175 2243 I
199 2201 312 2259 Reg.
339 2206 391 2244 11
547 2207 603 2246 14
627 2206 683 2258 cf.
709 2202 730 2245 Ι
753 2202 866 2260 Reg.
892 2207 946 2245 21
1102 2208 1156 2247 18
1181 2219 1271 2261 sqq.
1305 2205 1362 2259 ef.
1394 2204 1416 2247 I
1438 2204 1553 2262 Reg.
1581 2208 1755 2248 16-18

276 2331 298 2369 1
331 2340 478 2384 ysopo
502 2327 594 2373 RS
690 2331 717 2370 3
751 2329 931 2385 spectet
954 2328 990 2373 S
1087 2333 1115 2371 4
1147 2329 1313 2372 affluat
1335 2329 1371 2374 S
1475 2332 1500 2372 5
1534 2328 1847 2373 caracterauit

154 2385 192 2432 S
219 2386 607 2431 caracterizauit?
630 2386 705 2432 He
825 2392 851 2431 6
884 2386 1108 2444 quicquid
1131 2388 1223 2433 RS
1323 2387 1531 2433 cauterio
1556 2389 1593 2434 S
1710 2392 1733 2432 7
1765 2402 1844 2446 ge-

154 2447 344 2505 nuinaq3
370 2460 406 2505 S
499 2459 648 2504 uitam
673 2461 710 2506 S
818 2466 844 2506 8
876 2461 1039 2518 utique
1063 2463 1099 2507 S
1215 2466 1240 2505 9
1273 2461 1729 2507 adolescentularum
1754 2463 1847 2508 RS

217 2524 273 2564 10
305 2519 565 2564 alienarum
589 2520 681 2566 RS
806 2525 861 2565 13
892 2534 1088 2578 regnum
1112 2522 1158 2566 P
1185 2522 1269 2579 (em
1291 2537 1346 2566 m.
1371 2523 1475 2579 rec.)
1606 2527 1661 2566 14
1692 2522 1843 2566 achab

155 2578 192 2623 S
332 2584 386 2623 15
427 2581 475 2623 et
512 2578 651 2635 quale
676 2580 772 2625 PR
820 2582 867 2624 et
905 2581 1042 2637 quale
1069 2581 1105 2626 S
1137 2596 1204 2626 em
1227 2580 1302 2626 He
1446 2586 1500 2625 17
1541 2581 1730 2638 fulgura
1754 2582 1790 2627 S

154 2637 305 2683 helias
328 2638 364 2684 S
482 2643 536 2683 18
567 2638 873 2684 lucicolarum
898 2641 933 2685 S
1062 2645 1115 2684 19
1148 2639 1389 2685 trienniali
1412 2641 1459 2684 P
1576 2645 1631 2685 20
1661 2640 1843 2702 &phico

155 2696 192 2742 S
301 2699 536 2742 momento
562 2698 598 2743 S
728 2703 782 2742 21
824 2700 939 2756 quid
962 2700 1008 2744 R
1055 2699 1279 2756 quicquid
1307 2699 1344 2745 S
1451 2700 1730 2744 exhaustum
1753 2701 1790 2745 S

154 2755 317 2812 ymber
339 2757 385 2802 R
505 2756 648 2818 <sol>
679 2757 972 2803 siccauerat?
996 2759 1070 2804 He
1214 2764 1268 2803 23
1302 2759 1452 2804 achab
1486 2760 1730 2804 doceretur
1753 2759 1790 2805 S

156 2842 339 2890 iezabel
375 2844 489 2890 licet
512 2845 559 2891 R
604 2846 830 2892 zezabeni
871 2849 946 2892 cet
976 2848 1022 2891 P
1145 2828 1365 2903 iezssbefis
1398 2849 1435 2894 s
1566 2854 1623 2893 24
1658 2848 1842 2906 coniug.

154 2904 279 2949 noct.
312 2903 449 2950 uirul.
480 2919 688 2963 persnas.
718 2920 822 2951 uen.
847 2907 884 2953 S
1019 2911 1074 2951 25
1107 2906 1271 2952 diuina
1301 2923 1372 2953 om
1395 2908 1432 2953 S
