1904 3126
777 153 1116 199 PRAEFATIO
1744 153 1787 198 V

109 281 342 330 Amorem
380 274 518 328 ‘Ioue
549 275 767 342 petente'
795 280 1020 343 Psychen
1050 280 1103 327 in
1133 278 1503 327 matrimonium
1535 277 1730 326 duxisse
1743 273 1785 346 1)

111 354 356 404 scriberet.
415 354 582 416 Atque
613 370 738 416 quae
776 354 896 417 ipsis
936 357 1191 402 auctorum
1221 353 1384 402 uerbis
1423 353 1580 411 affert,
1618 354 1788 400 tamen

112 428 211 477 alio
243 442 390 478 sensu
419 428 668 492 intellegit
704 428 844 476 uelut
876 428 1226 476 Terentianum
1263 427 1388 475 illud
1426 444 1472 489 p.
1509 428 1592 487 10,
1616 427 1667 487 4,
1703 426 1790 474 ubi

110 517 210 551 non
240 505 505 565 quaestum
537 518 681 566 quem
709 502 796 550 ille
826 502 1003 565 uoluit,
1034 502 1118 551 sed
1149 504 1378 564 questum
1401 501 1448 548 h.
1474 516 1512 548 e.
1537 501 1790 563 querelam

116 576 369 640 cogitauit.
440 576 616 639 Neque
655 576 787 625 dicta
826 591 952 639 quae
990 577 1195 624 uerbum
1235 592 1290 623 ex
1329 575 1479 622 uerbo
1520 574 1788 636 exprimere

111 651 308 704 uidetur
351 650 473 713 ipsis
521 667 577 698 ex
625 650 944 713 scriptoribus
992 651 1213 714 collegit,
1260 649 1345 698 sed
1388 665 1514 712 quae
1551 648 1790 696 memoria

105 705 159 773 ei
203 727 292 773 aut
330 725 588 773 schedulae
634 726 950 789 neglegenter
987 724 1099 773 aliis
1143 723 1444 773 dictantibus
1483 722 1790 806 conscriptae

112 798 497 862 suppeditabant
533 802 716 847 temere
755 798 1044 861 composuit,
1081 801 1141 847 ut
1178 798 1468 861 praesertim
1505 797 1558 845 in
1590 795 1790 846 Graecis

110 889 173 921 ne
210 888 438 921 numeros
477 873 678 935 quidem
716 876 949 935 seruaret,
993 873 1077 922 sed
1113 873 1391 936 pedestrem
1429 871 1644 920 efficeret
1682 886 1789 919 ora-

111 947 297 996 tionem
340 945 422 1011 (cf.
453 964 500 1010 p.
535 949 731 1009 59,12;
772 949 856 1009 60,
877 944 947 1011 2).
1024 946 1210 1004 Quibus
1248 947 1307 994 de
1346 946 1508 995 causis
1548 962 1662 994 eum
1703 961 1789 993 no-

110 1020 316 1084 minum,
355 1021 472 1083 quia
510 1021 752 1069 audiendo
791 1037 890 1069 non
928 1024 1058 1070 recte
1097 1023 1384 1084 perceperat
1415 1023 1503 1068 aut
1534 1019 1788 1068 scribendo

113 1110 229 1144 casu
253 1097 550 1158 mutauerat,
580 1111 736 1144 nouas
766 1095 950 1144 formas
973 1095 1183 1158 finxisse,
1214 1098 1272 1144 ut
1295 1089 1616 1156 ‘Solicrates',
1647 1089 1790 1142 ‘Dro-

110 1165 374 1230 mocrites’,
410 1169 549 1218 libris
586 1169 731 1217 fidem
768 1170 925 1218 habeo
964 1186 1121 1232 neque
1161 1169 1330 1218 dubito
1371 1169 1491 1232 quin
1526 1164 1791 1216 ‘Blennon’

111 1258 202 1306 pro
225 1238 505 1305 ‘Biennon',
528 1239 866 1291 ‘lentaculum'
885 1259 974 1306 pro
992 1239 1330 1292 ‘ientaculum'
1342 1237 1382 1306 ²)
1412 1242 1621 1292 scribere
1644 1244 1790 1305 potu-

113 1317 221 1365 erit.
258 1317 484 1379 Apparet
506 1320 672 1365 autem
689 1318 1035 1365 difficillimum
1060 1333 1162 1366 esse
1180 1317 1450 1366 diiudicare
1468 1332 1594 1379 quae
1613 1315 1793 1364 menda

115 1390 389 1453 scriptoriS,
443 1405 568 1453 quae
622 1391 891 1439 scribarum
946 1392 1067 1453 sint,
1119 1391 1216 1440 nisi
1271 1408 1327 1439 ex
1373 1391 1518 1439 certis
1569 1390 1792 1439 codicum

114 1464 236 1513 locis
280 1464 375 1513 tibi
419 1465 722 1527 persuaseris
769 1465 933 1514 omnia
986 1466 1087 1514 fere
1132 1466 1290 1528 illius,
1342 1464 1642 1527 paucissima
1687 1479 1792 1513 esse

111 1539 309 1599 horum3
349 1554 504 1601 quare
535 1554 593 1586 ea
623 1554 742 1588 usus
777 1555 885 1588 sum
914 1539 1122 1601 ratione,
1159 1542 1217 1588 ut
1246 1554 1373 1602 quae
1404 1539 1632 1602 quamuis
1663 1538 1792 1587 falsa

114 1612 368 1675 explanari
412 1628 554 1675 posse
600 1613 840 1675 putabam
880 1613 1126 1662 erroribus
1164 1613 1429 1661 memoriae
1471 1613 1552 1660 uel
1598 1612 1792 1660 aurium

114 1689 204 1734 aut
249 1701 407 1749 praua
451 1686 829 1736 ratiocinatione
877 1702 906 1734 a
951 1687 1214 1750 Fulgentio
1267 1688 1377 1750 ipso
1431 1686 1639 1735 oriunda
1689 1702 1793 1735 esse

115 1775 374 1809 censerem.
437 1756 808 1823 ‘Opimandrae'
837 1760 992 1825 igitur
1024 1761 1197 1824 scripsi
1227 1778 1274 1824 p.
1301 1765 1385 1824 26,
1406 1763 1473 1810 18
1504 1764 1646 1809 ratus
1678 1776 1793 1808 eum

114 1850 171 1882 ex
196 1827 250 1883 Ὁ
278 1833 584 1900 ποιμάνὸρης
610 1835 741 1897 quod
772 1838 1036 1884 notauerat
1064 1852 1230 1884 unumx
1250 1835 1548 1884 uocabulum
1575 1835 1790 1883 effecisse

115 1911 165 1957 et
210 1903 479 1970 ‘Polluris',
525 1909 642 1971 quia
687 1925 748 1956 ne
795 1909 854 1956 de
899 1910 1100 1958 Polluce
1147 1909 1347 1972 quidem
1394 1909 1597 1958 Saturni
1649 1911 1791 1971 patre

114 1982 379 2045 quicquam
402 1986 609 2045 constat,
638 1983 832 2032 telluris
857 1987 1022 2032 autem
1047 1985 1324 2046 exemplum
1348 1983 1513 2032 anim0
1539 1983 1792 2046 scriptoris

114 2055 368 2104 obuersari
404 2059 612 2119 poterat.

223 2130 396 2192 Neque
456 2131 619 2179 minus
678 2131 867 2179 lubrica
927 2131 1011 2180 uia
1067 2131 1379 2194 quaestiones
1441 2130 1792 2195 grammaticas

115 2203 443 2268 aggredimur,
487 2205 627 2266 quia,
672 2219 973 2267 quamquam
1012 2206 1172 2254 multa
1211 2206 1435 2268 exempla
1471 2204 1793 2268 Fulgentium

115 2292 388 2326 sermonem
417 2278 674 2341 uulgarem
706 2281 755 2326 et
784 2279 974 2327 mendis
1005 2295 1259 2342 aspersum
1290 2295 1389 2327 non
1419 2279 1604 2327 uitasse
1629 2281 1790 2327 osten—

115 2351 253 2413 dunt,
288 2354 456 2400 tamen
493 2367 592 2400 non
630 2352 855 2401 omnibus
892 2353 1029 2414 locis,
1065 2353 1357 2415 praesertim
1389 2353 1569 2415 quibus
1601 2352 1791 2401 codices

113 2424 244 2473 inter
282 2440 332 2474 se
364 2425 670 2488 dissentiant,
708 2429 872 2474 utram
902 2426 1163 2475 lectionem
1192 2427 1298 2490 ipse
1333 2427 1549 2475 uoluerit
1580 2426 1792 2475 discerni

114 2501 293 2561 potest.
372 2498 466 2547 Sed
514 2499 590 2548 his
637 2515 833 2562 quoque
878 2500 931 2547 in
978 2500 1349 2563 quaestionibus
1397 2517 1454 2548 ex
1493 2500 1638 2549 certis
1678 2516 1789 2549 con-

115 2572 311 2621 cludere
349 2573 466 2621 licet
503 2574 737 2637 exemplis
768 2591 878 2622 eum
909 2574 1032 2621 nihil
1064 2575 1164 2621 fere
1197 2575 1328 2637 quod
1357 2575 1557 2639 uulgari
1587 2574 1791 2638 dignum

236 2715 278 2770 1)
307 2713 540 2758 Foersteri
578 2714 701 2759 enim
740 2714 1005 2759 coniectura
1043 2728 1136 2771 qua
1177 2715 1360 2772 ‘postea
1398 2729 1427 2759 a
1458 2715 1568 2760 Ioue
1604 2715 1787 2772 petens’

115 2787 160 2829 p.
186 2776 256 2829 68,
282 2777 337 2816 15
383 2772 632 2830 legendum
676 2773 920 2831 proposuit
955 2773 1110 2818 Herm.
1135 2773 1244 2818 XIV
1266 2778 1352 2818 473
1393 2788 1447 2818 eo
1493 2774 1792 2832 redarguitur

117 2831 240 2887 quod
270 2831 544 2889 Fulgentius
579 2833 770 2890 ‘'petere
806 2846 911 2876 cum
942 2834 1109 2888 quarto
1142 2846 1252 2877 casu
1286 2833 1453 2877 coniun

235 2891 280 2946 2)
318 2890 374 2936 cf.
414 2905 533 2947 quae
570 2892 628 2936 de
665 2891 753 2936 hoc
791 2891 894 2935 loco
931 2891 1201 2949 propediem
1239 2892 1289 2936 in
1327 2892 1434 2936 Phil
1437 2836 1572 2950 offogo
1610 2891 1787 2949 publici

115 2947 229 2992 iuris
257 2948 444 2994 faciam.
