<?xml version="1.0" encoding="UTF-8"?>
<!DOCTYPE html PUBLIC "-//W3C//DTD XHTML 1.0 Transitional//EN"
    "http://www.w3.org/TR/xhtml1/DTD/xhtml1-transitional.dtd">
<html xmlns="http://www.w3.org/1999/xhtml" xml:lang="en" lang="en">
 <head>
  <title>
</title>
<meta http-equiv="Content-Type" content="text/html;charset=utf-8" />
  <meta name='ocr-system' content='tesseract 3.04.00' />
  <meta name='ocr-capabilities' content='ocr_page ocr_carea ocr_par ocr_line ocrx_word'/>
</head>
<body>
  <div class='ocr_page' id='page_1' title='image "./operafulg00fulguoft_0175.png"; bbox 0 0 1976 3120; ppageno 0'>
   <div class='ocr_carea' id='block_1_1' title="bbox 690 114 1885 223">
    <p class='ocr_par' dir='ltr' id='par_1_1' title="bbox 690 114 1885 223">
     <span class='ocr_line' id='line_1_1' title="bbox 690 114 1832 168; baseline 0.009 -9"><span class='ocrx_word' id='word_1_1' title='bbox 690 115 894 160; x_wconf 90' lang='lat' dir='ltr'>MUNDI</span> <span class='ocrx_word' id='word_1_2' title='bbox 923 114 1002 160; x_wconf 86' lang='lat' dir='ltr'><strong>ET</strong></span> <span class='ocrx_word' id='word_1_3' title='bbox 1033 114 1289 160; x_wconf 86' lang='lat' dir='ltr'>HOMINIS</span> <span class='ocrx_word' id='word_1_4' title='bbox 1727 116 1832 168; x_wconf 79' lang='grc'><strong>155</strong></span> 
     </span>
     <span class='ocr_line' id='line_1_2' title="bbox 1846 191 1885 223; baseline 0 0"><span class='ocrx_word' id='word_1_5' title='bbox 1846 191 1885 223; x_wconf 81' lang='grc' dir='ltr'>Η</span> 
     </span>
    </p>
   </div>
   <div class='ocr_carea' id='block_1_2' title="bbox 131 239 1976 900">
    <p class='ocr_par' dir='ltr' id='par_1_2' title="bbox 131 239 1976 900">
     <span class='ocr_line' id='line_1_3' title="bbox 135 239 1976 305; baseline -0.001 -14"><span class='ocrx_word' id='word_1_6' title='bbox 135 257 314 292; x_wconf 87' lang='lat' dir='ltr'><strong>uocare</strong></span> <span class='ocrx_word' id='word_1_7' title='bbox 345 241 398 290; x_wconf 93' lang='lat' dir='ltr'><strong>in</strong></span> <span class='ocrx_word' id='word_1_8' title='bbox 430 241 532 289; x_wconf 90' lang='lat' dir='ltr'><strong>suis</strong></span> <span class='ocrx_word' id='word_1_9' title='bbox 563 242 708 290; x_wconf 89' lang='lat' dir='ltr'><strong>malis</strong></span> <span class='ocrx_word' id='word_1_10' title='bbox 742 242 970 305; x_wconf 88' lang='lat' dir='ltr'><strong>operibus</strong></span> <span class='ocrx_word' id='word_1_11' title='bbox 1002 258 1101 290; x_wconf 91' lang='lat' dir='ltr'><strong>non</strong></span> <span class='ocrx_word' id='word_1_12' title='bbox 1129 239 1374 301; x_wconf 83' lang='lat' dir='ltr'><strong>desciscit3</strong></span> <span class='ocrx_word' id='word_1_13' title='bbox 1406 256 1524 289; x_wconf 89' lang='lat' dir='ltr'><strong>nam</strong></span> <span class='ocrx_word' id='word_1_14' title='bbox 1549 241 1830 290; x_wconf 83' lang='lat' dir='ltr'><strong>Samuelem</strong></span> <span class='ocrx_word' id='word_1_15' title='bbox 1845 251 1976 284; x_wconf 61' lang='lat' dir='ltr'><strong>abach</strong></span> 
     </span>
     <span class='ocr_line' id='line_1_4' title="bbox 136 315 1829 381; baseline -0.001 -15"><span class='ocrx_word' id='word_1_16' title='bbox 136 317 369 381; x_wconf 78' lang='lat' dir='ltr'>adgressa</span> <span class='ocrx_word' id='word_1_17' title='bbox 399 332 567 379; x_wconf 89' lang='lat' dir='ltr'><strong>regem</strong></span> <span class='ocrx_word' id='word_1_18' title='bbox 598 315 691 364; x_wconf 89' lang='lat' dir='ltr'><strong>sibi</strong></span> <span class='ocrx_word' id='word_1_19' title='bbox 722 317 947 378; x_wconf 87' lang='lat' dir='ltr'><strong>postulat</strong></span> <span class='ocrx_word' id='word_1_20' title='bbox 978 316 1278 364; x_wconf 90' lang='lat' dir='ltr'><strong>adibendum</strong></span> <span class='ocrx_word' id='word_1_21' title='bbox 1307 317 1356 363; x_wconf 88' lang='lat' dir='ltr'><strong>et</strong></span> <span class='ocrx_word' id='word_1_22' title='bbox 1388 315 1450 363; x_wconf 90' lang='lat' dir='ltr'><strong>ab</strong></span> <span class='ocrx_word' id='word_1_23' title='bbox 1482 315 1585 364; x_wconf 90' lang='lat' dir='ltr'><strong>illis</strong></span> <span class='ocrx_word' id='word_1_24' title='bbox 1616 332 1829 364; x_wconf 78' lang='lat' dir='ltr'><strong>umanus</strong></span> 
     </span>
     <span class='ocr_line' id='line_1_5' title="bbox 134 389 1830 454; baseline -0.002 -13"><span class='ocrx_word' id='word_1_25' title='bbox 134 390 397 454; x_wconf 87' lang='lat' dir='ltr'><strong>quaeritur</strong></span> <span class='ocrx_word' id='word_1_26' title='bbox 448 390 777 452; x_wconf 76' lang='lat' dir='ltr'>principatus,</span> <span class='ocrx_word' id='word_1_27' title='bbox 834 390 1013 453; x_wconf 89' lang='lat' dir='ltr'><strong>quibus</strong></span> <span class='ocrx_word' id='word_1_28' title='bbox 1067 393 1210 453; x_wconf 87' lang='lat' dir='ltr'><strong>turpe</strong></span> <span class='ocrx_word' id='word_1_29' title='bbox 1263 389 1429 437; x_wconf 89' lang='lat' dir='ltr'><strong>fuerat</strong></span> <span class='ocrx_word' id='word_1_30' title='bbox 1481 392 1538 438; x_wconf 89' lang='lat' dir='ltr'><strong>ut</strong></span> <span class='ocrx_word' id='word_1_31' title='bbox 1590 389 1692 438; x_wconf 85' lang='lat' dir='ltr'><strong>illis</strong></span> <span class='ocrx_word' id='word_1_32' title='bbox 1743 406 1830 438; x_wconf 89' lang='lat' dir='ltr'><strong>rex</strong></span> 
     </span>
     <span class='ocr_line' id='line_1_6' title="bbox 133 464 1828 528; baseline -0.001 -15"><span class='ocrx_word' id='word_1_33' title='bbox 133 465 275 514; x_wconf 90' lang='lat' dir='ltr'><strong>fieret</strong></span> <span class='ocrx_word' id='word_1_34' title='bbox 304 465 453 512; x_wconf 90' lang='lat' dir='ltr'><strong>Deus.</strong></span> <span class='ocrx_word' id='word_1_35' title='bbox 515 465 648 528; x_wconf 85' lang='lat' dir='ltr'><strong>Ergo</strong></span> <span class='ocrx_word' id='word_1_36' title='bbox 679 467 948 527; x_wconf 77' lang='lat' dir='ltr'><strong>postquam</strong></span> <span class='ocrx_word' id='word_1_37' title='bbox 980 465 1179 513; x_wconf 81' lang='lat' dir='ltr'><strong>Samuel</strong></span> <span class='ocrx_word' id='word_1_38' title='bbox 1219 466 1440 513; x_wconf 90' lang='lat' dir='ltr'><strong>sacratus</strong></span> <span class='ocrx_word' id='word_1_39' title='bbox 1481 464 1690 512; x_wconf 91' lang='lat' dir='ltr'><strong>antistes</strong></span> <span class='ocrx_word' id='word_1_40' title='bbox 1722 465 1828 512; x_wconf 92' lang='lat' dir='ltr'><strong>Deo</strong></span> 
     </span>
     <span class='ocr_line' id='line_1_7' title="bbox 133 538 1873 604; baseline -0.001 -15"><span class='ocrx_word' id='word_1_41' title='bbox 133 540 429 604; x_wconf 76' lang='lat' dir='ltr'><strong>popularem</strong></span> <span class='ocrx_word' id='word_1_42' title='bbox 482 539 714 601; x_wconf 86' lang='lat' dir='ltr'><strong>perduxit</strong></span> <span class='ocrx_word' id='word_1_43' title='bbox 767 539 1018 588; x_wconf 88' lang='lat' dir='ltr'><strong>adfectum</strong></span> <span class='ocrx_word' id='word_1_44' title='bbox 1070 566 1139 572; x_wconf 91' lang='lat'><em>-</em></span> <span class='ocrx_word' id='word_1_45' title='bbox 1190 538 1308 586; x_wconf 89' lang='lat' dir='ltr'><strong>licet</strong></span> <span class='ocrx_word' id='word_1_46' title='bbox 1359 539 1498 586; x_wconf 91' lang='lat' dir='ltr'><strong>nulla</strong></span> <span class='ocrx_word' id='word_1_47' title='bbox 1557 539 1622 586; x_wconf 91' lang='lat' dir='ltr'><strong>sit</strong></span> <span class='ocrx_word' id='word_1_48' title='bbox 1675 539 1827 586; x_wconf 89' lang='lat' dir='ltr'><strong>inter·</strong></span> <span class='ocrx_word' id='word_1_49' title='bbox 1853 555 1873 587; x_wconf 87' lang='lat'><strong>5</strong></span> 
     </span>
     <span class='ocr_line' id='line_1_8' title="bbox 133 612 1829 677; baseline -0.001 -15"><span class='ocrx_word' id='word_1_50' title='bbox 133 613 299 662; x_wconf 92' lang='lat' dir='ltr'><strong>nuntii</strong></span> <span class='ocrx_word' id='word_1_51' title='bbox 334 612 611 677; x_wconf 74' lang='lat' dir='ltr'><strong>indigentia</strong></span> <span class='ocrx_word' id='word_1_52' title='bbox 644 613 730 676; x_wconf 93' lang='lat' dir='ltr'><strong>qui</strong></span> <span class='ocrx_word' id='word_1_53' title='bbox 768 613 995 662; x_wconf 87' lang='lat' dir='ltr'><strong>abstrusa</strong></span> <span class='ocrx_word' id='word_1_54' title='bbox 1032 613 1177 662; x_wconf 93' lang='lat' dir='ltr'><strong>nouit</strong></span> <span class='ocrx_word' id='word_1_55' title='bbox 1213 612 1387 660; x_wconf 90' lang='lat' dir='ltr'><strong>rimari</strong></span> <span class='ocrx_word' id='word_1_56' title='bbox 1417 615 1620 674; x_wconf 80' lang='lat' dir='ltr'><strong>secreta,</strong></span> <span class='ocrx_word' id='word_1_57' title='bbox 1659 615 1829 661; x_wconf 90' lang='lat' dir='ltr'><strong>tamen</strong></span> 
     </span>
     <span class='ocr_line' id='line_1_9' title="bbox 132 687 1830 751; baseline -0.002 -14"><span class='ocrx_word' id='word_1_58' title='bbox 132 687 254 738; x_wconf 90' lang='lat' dir='ltr'><strong>ordo</strong></span> <span class='ocrx_word' id='word_1_59' title='bbox 302 687 521 751; x_wconf 78' lang='lat' dir='ltr'><strong>exigerat</strong></span> <span class='ocrx_word' id='word_1_60' title='bbox 565 690 625 736; x_wconf 92' lang='lat' dir='ltr'><strong>ut</strong></span> <span class='ocrx_word' id='word_1_61' title='bbox 671 687 974 736; x_wconf 87' lang='lat' dir='ltr'><strong>sacerdotem</strong></span> <span class='ocrx_word' id='word_1_62' title='bbox 1013 687 1146 735; x_wconf 92' lang='lat' dir='ltr'><strong>Deus</strong></span> <span class='ocrx_word' id='word_1_63' title='bbox 1185 687 1473 750; x_wconf 81' lang='lat' dir='ltr'><strong>instrueret,</strong></span> <span class='ocrx_word' id='word_1_64' title='bbox 1517 703 1615 750; x_wconf 93' lang='lat' dir='ltr'><strong>quo</strong></span> <span class='ocrx_word' id='word_1_65' title='bbox 1654 687 1830 750; x_wconf 91' lang='lat' dir='ltr'><strong>populi</strong></span> 
     </span>
     <span class='ocr_line' id='line_1_10' title="bbox 133 760 1829 825; baseline -0.001 -14"><span class='ocrx_word' id='word_1_66' title='bbox 133 763 387 811; x_wconf 86' lang='lat' dir='ltr'><strong>adfectum</strong></span> <span class='ocrx_word' id='word_1_67' title='bbox 418 764 506 810; x_wconf 92' lang='lat' dir='ltr'><strong>aut</strong></span> <span class='ocrx_word' id='word_1_68' title='bbox 538 765 790 824; x_wconf 85' lang='lat' dir='ltr'><strong>sperneret</strong></span> <span class='ocrx_word' id='word_1_69' title='bbox 821 764 910 810; x_wconf 90' lang='lat' dir='ltr'><strong>aut</strong></span> <span class='ocrx_word' id='word_1_70' title='bbox 939 762 1184 824; x_wconf 90' lang='lat' dir='ltr'><strong>impleret.</strong></span> <span class='ocrx_word' id='word_1_71' title='bbox 1248 760 1345 809; x_wconf 85' lang='lat' dir='ltr'><strong>Sed</strong></span> <span class='ocrx_word' id='word_1_72' title='bbox 1370 778 1478 810; x_wconf 91' lang='lat' dir='ltr'><strong>ecce</strong></span> <span class='ocrx_word' id='word_1_73' title='bbox 1506 764 1829 825; x_wconf 91' lang='lat' dir='ltr'><strong>paternorum</strong></span> 
     </span>
     <span class='ocr_line' id='line_1_11' title="bbox 131 835 1828 900; baseline -0.001 -15"><span class='ocrx_word' id='word_1_74' title='bbox 131 837 467 886; x_wconf 87' lang='lat' dir='ltr'><strong>iumentorum</strong></span> <span class='ocrx_word' id='word_1_75' title='bbox 509 835 779 899; x_wconf 89' lang='lat' dir='ltr'><strong>inquisitor</strong></span> <span class='ocrx_word' id='word_1_76' title='bbox 817 836 1049 886; x_wconf 91' lang='lat' dir='ltr'><strong>oberrans</strong></span> <span class='ocrx_word' id='word_1_77' title='bbox 1093 836 1256 884; x_wconf 92' lang='lat' dir='ltr'><strong>asinas</strong></span> <span class='ocrx_word' id='word_1_78' title='bbox 1298 836 1495 899; x_wconf 89' lang='lat' dir='ltr'><strong>quaerit</strong></span> <span class='ocrx_word' id='word_1_79' title='bbox 1533 839 1583 885; x_wconf 92' lang='lat' dir='ltr'><strong>et</strong></span> <span class='ocrx_word' id='word_1_80' title='bbox 1619 853 1828 900; x_wconf 90' lang='lat' dir='ltr'><strong>regnum</strong></span> 
     </span>
    </p>
   </div>
   <div class='ocr_carea' id='block_1_3' title="bbox 44 909 1896 973">
    <p class='ocr_par' dir='ltr' id='par_1_3' title="bbox 44 909 1896 973">
     <span class='ocr_line' id='line_1_12' title="bbox 44 909 1896 973; baseline 0 -14"><span class='ocrx_word' id='word_1_81' title='bbox 44 939 49 954; x_wconf 65' lang='lat'><strong>.=</strong></span> <span class='ocrx_word' id='word_1_82' title='bbox 132 911 326 960; x_wconf 88' lang='lat' dir='ltr'><strong>inuenit</strong></span> <span class='ocrx_word' id='word_1_83' title='bbox 380 913 431 959; x_wconf 90' lang='lat' dir='ltr'><strong>et</strong></span> <span class='ocrx_word' id='word_1_84' title='bbox 477 910 557 959; x_wconf 91' lang='lat' dir='ltr'><strong>cui</strong></span> <span class='ocrx_word' id='word_1_85' title='bbox 601 909 879 959; x_wconf 88' lang='lat' dir='ltr'><strong>Israelitica</strong></span> <span class='ocrx_word' id='word_1_86' title='bbox 933 911 1098 958; x_wconf 88' lang='lat' dir='ltr'><strong>fuerat</strong></span> <span class='ocrx_word' id='word_1_87' title='bbox 1151 926 1345 959; x_wconf 90' lang='lat' dir='ltr'><strong>summa</strong></span> <span class='ocrx_word' id='word_1_88' title='bbox 1398 911 1623 972; x_wconf 83' lang='lat' dir='ltr'><strong>uirtutis,</strong></span> <span class='ocrx_word' id='word_1_89' title='bbox 1678 927 1826 973; x_wconf 90' lang='lat' dir='ltr'><strong>pecus</strong></span> <span class='ocrx_word' id='word_1_90' title='bbox 1853 927 1896 959; x_wconf 78' lang='grc' dir='ltr'><strong>ιο</strong></span> 
     </span>
    </p>
   </div>
   <div class='ocr_carea' id='block_1_4' title="bbox 132 984 1894 1568">
    <p class='ocr_par' dir='ltr' id='par_1_4' title="bbox 132 984 1894 1568">
     <span class='ocr_line' id='line_1_13' title="bbox 132 984 1826 1049; baseline 0 -16"><span class='ocrx_word' id='word_1_91' title='bbox 132 985 414 1049; x_wconf 89' lang='lat' dir='ltr'><strong>quaerendo</strong></span> <span class='ocrx_word' id='word_1_92' title='bbox 468 984 769 1033; x_wconf 88' lang='lat' dir='ltr'><strong>uilissimum</strong></span> <span class='ocrx_word' id='word_1_93' title='bbox 823 984 975 1033; x_wconf 89' lang='lat' dir='ltr'><strong>etiam</strong></span> <span class='ocrx_word' id='word_1_94' title='bbox 1030 985 1136 1047; x_wconf 90' lang='lat' dir='ltr'><strong>ipse</strong></span> <span class='ocrx_word' id='word_1_95' title='bbox 1191 985 1356 1032; x_wconf 86' lang='lat' dir='ltr'><strong>fuerat</strong></span> <span class='ocrx_word' id='word_1_96' title='bbox 1408 985 1540 1033; x_wconf 91' lang='lat' dir='ltr'><strong>uilis.</strong></span> <span class='ocrx_word' id='word_1_97' title='bbox 1630 984 1826 1042; x_wconf 84' lang='lat' dir='ltr'><strong>Quanto</strong></span> 
     </span>
     <span class='ocr_line' id='line_1_14' title="bbox 133 1059 1827 1122; baseline 0 -14"><span class='ocrx_word' id='word_1_98' title='bbox 133 1059 271 1109; x_wconf 87' lang='lat' dir='ltr'><strong>aliud</strong></span> <span class='ocrx_word' id='word_1_99' title='bbox 329 1059 505 1107; x_wconf 90' lang='lat' dir='ltr'><strong>melius</strong></span> <span class='ocrx_word' id='word_1_100' title='bbox 567 1059 901 1122; x_wconf 89' lang='lat' dir='ltr'><strong>praeparabat</strong></span> <span class='ocrx_word' id='word_1_101' title='bbox 962 1059 1199 1107; x_wconf 87' lang='lat' dir='ltr'><strong>diuinitas</strong></span> <span class='ocrx_word' id='word_1_102' title='bbox 1256 1075 1406 1121; x_wconf 90' lang='lat' dir='ltr'><strong>quam</strong></span> <span class='ocrx_word' id='word_1_103' title='bbox 1465 1060 1596 1122; x_wconf 92' lang='lat' dir='ltr'><strong>quod</strong></span> <span class='ocrx_word' id='word_1_104' title='bbox 1660 1059 1827 1108; x_wconf 91' lang='lat' dir='ltr'><strong>Saulis</strong></span> 
     </span>
     <span class='ocr_line' id='line_1_15' title="bbox 132 1133 1827 1197; baseline -0.001 -15"><span class='ocrx_word' id='word_1_105' title='bbox 132 1134 420 1182; x_wconf 87' lang='lat' dir='ltr'><strong>laboranter</strong></span> <span class='ocrx_word' id='word_1_106' title='bbox 455 1134 728 1196; x_wconf 90' lang='lat' dir='ltr'><strong>quaerebat</strong></span> <span class='ocrx_word' id='word_1_107' title='bbox 768 1133 1057 1197; x_wconf 86' lang='lat' dir='ltr'><strong>indignitas.</strong></span> <span class='ocrx_word' id='word_1_108' title='bbox 1129 1133 1290 1196; x_wconf 86' lang='lat' dir='ltr'><strong>Igitur</strong></span> <span class='ocrx_word' id='word_1_109' title='bbox 1321 1134 1626 1182; x_wconf 82' lang='lat' dir='ltr'><strong>sacerdotem</strong></span> <span class='ocrx_word' id='word_1_110' title='bbox 1664 1134 1827 1196; x_wconf 91' lang='lat' dir='ltr'><strong>inqui-</strong></span> 
     </span>
     <span class='ocr_line' id='line_1_16' title="bbox 132 1207 1826 1272; baseline -0.001 -15"><span class='ocrx_word' id='word_1_111' title='bbox 132 1209 317 1257; x_wconf 89' lang='lat' dir='ltr'><strong>siturus</strong></span> <span class='ocrx_word' id='word_1_112' title='bbox 365 1207 653 1272; x_wconf 85' lang='lat' dir='ltr'><strong>adgreditur</strong></span> <span class='ocrx_word' id='word_1_113' title='bbox 699 1211 748 1256; x_wconf 92' lang='lat' dir='ltr'><strong>et</strong></span> <span class='ocrx_word' id='word_1_114' title='bbox 799 1208 1133 1257; x_wconf 88' lang='lat' dir='ltr'><strong>iumentorum</strong></span> <span class='ocrx_word' id='word_1_115' title='bbox 1187 1208 1524 1270; x_wconf 90' lang='lat' dir='ltr'><strong>deperditione</strong></span> <span class='ocrx_word' id='word_1_116' title='bbox 1578 1209 1826 1257; x_wconf 87' lang='lat' dir='ltr'><strong>tristatur.</strong></span> 
     </span>
     <span class='ocr_line' id='line_1_17' title="bbox 135 1282 1894 1347; baseline 0.001 -17"><span class='ocrx_word' id='word_1_117' title='bbox 135 1283 234 1330; x_wconf 88' lang='lat' dir='ltr'><strong>Sed</strong></span> <span class='ocrx_word' id='word_1_118' title='bbox 287 1283 512 1331; x_wconf 83' lang='lat' dir='ltr'><strong>sacerdos</strong></span> <span class='ocrx_word' id='word_1_119' title='bbox 566 1298 665 1331; x_wconf 91' lang='lat' dir='ltr'><strong>non</strong></span> <span class='ocrx_word' id='word_1_120' title='bbox 719 1282 972 1331; x_wconf 90' lang='lat' dir='ltr'><strong>asinarum</strong></span> <span class='ocrx_word' id='word_1_121' title='bbox 1025 1282 1220 1346; x_wconf 88' lang='lat' dir='ltr'><strong>fugam,</strong></span> <span class='ocrx_word' id='word_1_122' title='bbox 1278 1283 1362 1331; x_wconf 90' lang='lat' dir='ltr'><strong>sed</strong></span> <span class='ocrx_word' id='word_1_123' title='bbox 1415 1283 1556 1347; x_wconf 90' lang='lat' dir='ltr'><strong>regni</strong></span> <span class='ocrx_word' id='word_1_124' title='bbox 1613 1283 1827 1347; x_wconf 89' lang='lat' dir='ltr'><strong>porrigit</strong></span> <span class='ocrx_word' id='word_1_125' title='bbox 1852 1299 1894 1331; x_wconf 81' lang='lat'><strong>15</strong></span> 
     </span>
     <span class='ocr_line' id='line_1_18' title="bbox 132 1356 1827 1421; baseline 0.001 -17"><span class='ocrx_word' id='word_1_126' title='bbox 132 1356 363 1421; x_wconf 86' lang='lat' dir='ltr'><strong>gratiam.</strong></span> <span class='ocrx_word' id='word_1_127' title='bbox 450 1357 627 1419; x_wconf 87' lang='lat' dir='ltr'><strong>Sperat</strong></span> <span class='ocrx_word' id='word_1_128' title='bbox 681 1372 730 1404; x_wconf 88' lang='lat' dir='ltr'><strong>se</strong></span> <span class='ocrx_word' id='word_1_129' title='bbox 785 1357 920 1419; x_wconf 88' lang='lat' dir='ltr'><strong>patri</strong></span> <span class='ocrx_word' id='word_1_130' title='bbox 972 1357 1286 1404; x_wconf 88' lang='lat' dir='ltr'><strong>redditurum</strong></span> <span class='ocrx_word' id='word_1_131' title='bbox 1334 1357 1467 1419; x_wconf 92' lang='lat' dir='ltr'><strong>quod</strong></span> <span class='ocrx_word' id='word_1_132' title='bbox 1514 1357 1731 1420; x_wconf 88' lang='lat' dir='ltr'><strong>perdidit</strong></span> <span class='ocrx_word' id='word_1_133' title='bbox 1778 1359 1827 1405; x_wconf 92' lang='lat' dir='ltr'><strong>et</strong></span> 
     </span>
     <span class='ocr_line' id='line_1_19' title="bbox 133 1430 1825 1494; baseline 0 -15"><span class='ocrx_word' id='word_1_134' title='bbox 133 1431 353 1494; x_wconf 90' lang='lat' dir='ltr'><strong>repperit</strong></span> <span class='ocrx_word' id='word_1_135' title='bbox 408 1431 540 1493; x_wconf 91' lang='lat' dir='ltr'><strong>quod</strong></span> <span class='ocrx_word' id='word_1_136' title='bbox 591 1433 736 1493; x_wconf 90' lang='lat' dir='ltr'><strong>pater</strong></span> <span class='ocrx_word' id='word_1_137' title='bbox 789 1431 1058 1494; x_wconf 91' lang='lat' dir='ltr'><strong>aliquando</strong></span> <span class='ocrx_word' id='word_1_138' title='bbox 1112 1447 1202 1479; x_wconf 91' lang='lat' dir='ltr'><strong>nec</strong></span> <span class='ocrx_word' id='word_1_139' title='bbox 1257 1430 1396 1479; x_wconf 89' lang='lat' dir='ltr'><strong>abuit</strong></span> <span class='ocrx_word' id='word_1_140' title='bbox 1449 1448 1539 1480; x_wconf 93' lang='lat' dir='ltr'><strong>nec</strong></span> <span class='ocrx_word' id='word_1_141' title='bbox 1590 1432 1825 1494; x_wconf 91' lang='lat' dir='ltr'><strong>sperauit.</strong></span> 
     </span>
     <span class='ocr_line' id='line_1_20' title="bbox 134 1505 1828 1568; baseline 0.001 -15"><span class='ocrx_word' id='word_1_142' title='bbox 134 1505 362 1568; x_wconf 87' lang='lat' dir='ltr'><strong>Denique</strong></span> <span class='ocrx_word' id='word_1_143' title='bbox 410 1520 562 1552; x_wconf 90' lang='lat' dir='ltr'><strong>cornu</strong></span> <span class='ocrx_word' id='word_1_144' title='bbox 606 1505 735 1552; x_wconf 86' lang='lat' dir='ltr'><strong>illud</strong></span> <span class='ocrx_word' id='word_1_145' title='bbox 774 1505 944 1553; x_wconf 88' lang='lat' dir='ltr'><strong>diuina</strong></span> <span class='ocrx_word' id='word_1_146' title='bbox 982 1521 1192 1554; x_wconf 90' lang='lat' dir='ltr'><strong>censura</strong></span> <span class='ocrx_word' id='word_1_147' title='bbox 1231 1508 1499 1568; x_wconf 85' lang='lat' dir='ltr'><strong>sacratum⁷</strong></span> <span class='ocrx_word' id='word_1_148' title='bbox 1546 1506 1599 1553; x_wconf 91' lang='lat' dir='ltr'><strong>in</strong></span> <span class='ocrx_word' id='word_1_149' title='bbox 1641 1522 1737 1568; x_wconf 93' lang='lat' dir='ltr'><strong>quo</strong></span> <span class='ocrx_word' id='word_1_150' title='bbox 1778 1509 1828 1554; x_wconf 92' lang='lat' dir='ltr'><strong>et</strong></span> 
     </span>
    </p>
   </div>
   <div class='ocr_carea' id='block_1_5' title="bbox 0 1551 1827 1643">
    <p class='ocr_par' dir='ltr' id='par_1_5' title="bbox 0 1551 1827 1643">
     <span class='ocr_line' id='line_1_21' title="bbox 0 1551 1827 1643; baseline -0.002 -13"><span class='ocrx_word' id='word_1_151' title='bbox 0 1551 33 1631; x_wconf 39' lang='grc' dir='ltr'><strong>ἶ,</strong></span> <span class='ocrx_word' id='word_1_152' title='bbox 131 1579 275 1643; x_wconf 87' lang='lat' dir='ltr'><strong>regni</strong></span> <span class='ocrx_word' id='word_1_153' title='bbox 313 1581 485 1627; x_wconf 90' lang='lat' dir='ltr'><strong>enteca</strong></span> <span class='ocrx_word' id='word_1_154' title='bbox 524 1579 762 1627; x_wconf 87' lang='lat' dir='ltr'><strong>ebulliens</strong></span> <span class='ocrx_word' id='word_1_155' title='bbox 803 1579 1087 1642; x_wconf 89' lang='lat' dir='ltr'><strong>parturibat</strong></span> <span class='ocrx_word' id='word_1_156' title='bbox 1126 1581 1176 1627; x_wconf 90' lang='lat' dir='ltr'><strong>et</strong></span> <span class='ocrx_word' id='word_1_157' title='bbox 1215 1580 1518 1628; x_wconf 88' lang='lat' dir='ltr'><strong>sacerdotale</strong></span> <span class='ocrx_word' id='word_1_158' title='bbox 1550 1580 1827 1628; x_wconf 89' lang='lat' dir='ltr'><strong>misterium</strong></span> 
     </span>
    </p>
   </div>
   <div class='ocr_carea' id='block_1_6' title="bbox 132 1653 1895 1792">
    <p class='ocr_par' dir='ltr' id='par_1_6' title="bbox 132 1653 1895 1792">
     <span class='ocr_line' id='line_1_22' title="bbox 133 1653 1895 1716; baseline -0.001 -14"><span class='ocrx_word' id='word_1_159' title='bbox 133 1653 317 1702; x_wconf 88' lang='lat' dir='ltr'><strong>diuinis</strong></span> <span class='ocrx_word' id='word_1_160' title='bbox 357 1653 751 1702; x_wconf 85' lang='lat' dir='ltr'><strong>aestuationibus</strong></span> <span class='ocrx_word' id='word_1_161' title='bbox 791 1654 1069 1716; x_wconf 86' lang='lat' dir='ltr'><strong>nuptiabat‚</strong></span> <span class='ocrx_word' id='word_1_162' title='bbox 1109 1655 1359 1716; x_wconf 83' lang='lat' dir='ltr'><strong>profetam</strong></span> <span class='ocrx_word' id='word_1_163' title='bbox 1397 1657 1576 1702; x_wconf 89' lang='lat' dir='ltr'><strong>testem</strong></span> <span class='ocrx_word' id='word_1_164' title='bbox 1615 1654 1826 1704; x_wconf 84' lang='lat' dir='ltr'><strong>foederis</strong></span> <span class='ocrx_word' id='word_1_165' title='bbox 1851 1671 1895 1702; x_wconf 82' lang='lat'><strong>20</strong></span> 
     </span>
     <span class='ocr_line' id='line_1_23' title="bbox 132 1728 1826 1792; baseline 0.001 -16"><span class='ocrx_word' id='word_1_166' title='bbox 132 1728 293 1776; x_wconf 82' lang='lat' dir='ltr'><strong>allicit</strong></span> <span class='ocrx_word' id='word_1_167' title='bbox 331 1730 381 1775; x_wconf 89' lang='lat' dir='ltr'><strong>et</strong></span> <span class='ocrx_word' id='word_1_168' title='bbox 417 1728 670 1790; x_wconf 88' lang='lat' dir='ltr'><strong>insperato</strong></span> <span class='ocrx_word' id='word_1_169' title='bbox 706 1728 860 1790; x_wconf 91' lang='lat' dir='ltr'><strong>capiti</strong></span> <span class='ocrx_word' id='word_1_170' title='bbox 898 1728 1198 1776; x_wconf 89' lang='lat' dir='ltr'><strong>fermentum</strong></span> <span class='ocrx_word' id='word_1_171' title='bbox 1236 1728 1554 1777; x_wconf 87' lang='lat' dir='ltr'><strong>diadematici</strong></span> <span class='ocrx_word' id='word_1_172' title='bbox 1592 1729 1826 1792; x_wconf 82' lang='lat' dir='ltr'><strong>germinis</strong></span> 
     </span>
    </p>
   </div>
   <div class='ocr_carea' id='block_1_7' title="bbox 132 1802 1826 1865">
    <p class='ocr_par' dir='ltr' id='par_1_7' title="bbox 0 1780 1826 1865">
     <span class='ocr_line' id='line_1_24' title="bbox 132 1802 1826 1865; baseline 0 -14"><span class='ocrx_word' id='word_1_173' title='bbox 132 1802 393 1863; x_wconf 81' lang='lat' dir='ltr'><strong>inrorauit,</strong></span> <span class='ocrx_word' id='word_1_174' title='bbox 441 1804 492 1850; x_wconf 91' lang='lat' dir='ltr'><strong>et</strong></span> <span class='ocrx_word' id='word_1_175' title='bbox 537 1818 598 1850; x_wconf 91' lang='lat' dir='ltr'><strong>ne</strong></span> <span class='ocrx_word' id='word_1_176' title='bbox 646 1803 753 1851; x_wconf 90' lang='lat' dir='ltr'><strong>sola</strong></span> <span class='ocrx_word' id='word_1_177' title='bbox 799 1805 928 1851; x_wconf 88' lang='lat' dir='ltr'><strong>esset</strong></span> <span class='ocrx_word' id='word_1_178' title='bbox 972 1802 1228 1850; x_wconf 90' lang='lat' dir='ltr'><strong>mundana</strong></span> <span class='ocrx_word' id='word_1_179' title='bbox 1266 1802 1504 1865; x_wconf 83' lang='lat' dir='ltr'><strong>conlatio,</strong></span> <span class='ocrx_word' id='word_1_180' title='bbox 1552 1805 1669 1851; x_wconf 87' lang='lat' dir='ltr'><strong>ante</strong></span> <span class='ocrx_word' id='word_1_181' title='bbox 1714 1820 1826 1865; x_wconf 93' lang='lat' dir='ltr'><strong>pro-</strong></span> 
     </span>
    </p>
   </div>
   <div class='ocr_carea' id='block_1_8' title="bbox 3 2931 10 2990">
    <p class='ocr_par' dir='ltr' id='par_1_8' title="bbox 3 2931 10 2990">
     <span class='ocr_line' id='line_1_25' title="bbox 3 2931 10 2990; baseline 0 0"><span class='ocrx_word' id='word_1_182' title='bbox 3 2931 10 2990; x_wconf 66' lang='grc' dir='ltr'><strong>ᾗ)</strong></span> 
     </span>
    </p>
   </div>
   <div class='ocr_carea' id='block_1_9' title="bbox 133 1875 1901 2311">
    <p class='ocr_par' dir='ltr' id='par_1_9' title="bbox 133 1875 1901 2311">
     <span class='ocr_line' id='line_1_26' title="bbox 133 1875 1828 1941; baseline 0.001 -16"><span class='ocrx_word' id='word_1_183' title='bbox 133 1877 290 1925; x_wconf 90' lang='lat' dir='ltr'><strong>fetare</strong></span> <span class='ocrx_word' id='word_1_184' title='bbox 315 1875 487 1924; x_wconf 89' lang='lat' dir='ltr'><strong>didicit</strong></span> <span class='ocrx_word' id='word_1_185' title='bbox 518 1892 668 1938; x_wconf 91' lang='lat' dir='ltr'><strong>quam</strong></span> <span class='ocrx_word' id='word_1_186' title='bbox 698 1876 944 1941; x_wconf 89' lang='lat' dir='ltr'><strong>regnauit.</strong></span> <span class='ocrx_word' id='word_1_187' title='bbox 999 1876 1226 1939; x_wconf 90' lang='lat' dir='ltr'><strong>Denique</strong></span> <span class='ocrx_word' id='word_1_188' title='bbox 1248 1876 1504 1926; x_wconf 87' lang='lat' dir='ltr'><strong>indicabat</strong></span> <span class='ocrx_word' id='word_1_189' title='bbox 1535 1877 1828 1926; x_wconf 88' lang='lat' dir='ltr'><strong>electionem</strong></span> 
     </span>
     <span class='ocr_line' id='line_1_27' title="bbox 133 1950 1826 2014; baseline 0.001 -16"><span class='ocrx_word' id='word_1_190' title='bbox 133 1951 332 1998; x_wconf 89' lang='lat' dir='ltr'><strong>diuinae</strong></span> <span class='ocrx_word' id='word_1_191' title='bbox 379 1950 723 2013; x_wconf 89' lang='lat' dir='ltr'><strong>prouidentiae</strong></span> <span class='ocrx_word' id='word_1_192' title='bbox 768 1951 973 1999; x_wconf 90' lang='lat' dir='ltr'><strong>inormis</strong></span> <span class='ocrx_word' id='word_1_193' title='bbox 1021 1953 1183 1999; x_wconf 91' lang='lat' dir='ltr'><strong>status</strong></span> <span class='ocrx_word' id='word_1_194' title='bbox 1223 1954 1273 1999; x_wconf 91' lang='lat' dir='ltr'><strong>et</strong></span> <span class='ocrx_word' id='word_1_195' title='bbox 1313 1954 1554 2014; x_wconf 91' lang='lat' dir='ltr'><strong>quantum</strong></span> <span class='ocrx_word' id='word_1_196' title='bbox 1590 1952 1826 2000; x_wconf 89' lang='lat' dir='ltr'><strong>maiestas</strong></span> 
     </span>
     <span class='ocr_line' id='line_1_28' title="bbox 133 2024 1894 2088; baseline 0.001 -16"><span class='ocrx_word' id='word_1_197' title='bbox 133 2025 194 2073; x_wconf 87' lang='lat' dir='ltr'><strong>de</strong></span> <span class='ocrx_word' id='word_1_198' title='bbox 232 2024 374 2088; x_wconf 90' lang='lat' dir='ltr'><strong>regni</strong></span> <span class='ocrx_word' id='word_1_199' title='bbox 413 2024 657 2087; x_wconf 88' lang='lat' dir='ltr'><strong>qualitate</strong></span> <span class='ocrx_word' id='word_1_200' title='bbox 697 2027 1023 2086; x_wconf 82' lang='lat' dir='ltr'><strong>succreuerat,</strong></span> <span class='ocrx_word' id='word_1_201' title='bbox 1062 2027 1261 2074; x_wconf 91' lang='lat' dir='ltr'><strong>tantum</strong></span> <span class='ocrx_word' id='word_1_202' title='bbox 1291 2026 1563 2087; x_wconf 91' lang='lat' dir='ltr'><strong>proceritas</strong></span> <span class='ocrx_word' id='word_1_203' title='bbox 1594 2041 1827 2074; x_wconf 91' lang='lat' dir='ltr'><strong>mensura</strong></span> <span class='ocrx_word' id='word_1_204' title='bbox 1851 2041 1894 2075; x_wconf 83' lang='lat'><strong>25</strong></span> 
     </span>
     <span class='ocr_line' id='line_1_29' title="bbox 135 2098 1826 2163; baseline 0.001 -16"><span class='ocrx_word' id='word_1_205' title='bbox 135 2099 361 2148; x_wconf 90' lang='lat' dir='ltr'><strong>omnibus</strong></span> <span class='ocrx_word' id='word_1_206' title='bbox 408 2098 669 2147; x_wconf 83' lang='lat' dir='ltr'><strong>eminebat.</strong></span> <span class='ocrx_word' id='word_1_207' title='bbox 745 2099 972 2162; x_wconf 90' lang='lat' dir='ltr'><strong>Denique</strong></span> <span class='ocrx_word' id='word_1_208' title='bbox 1020 2099 1174 2148; x_wconf 91' lang='lat' dir='ltr'><strong>donec</strong></span> <span class='ocrx_word' id='word_1_209' title='bbox 1221 2100 1419 2148; x_wconf 89' lang='lat' dir='ltr'><strong>diuinae</strong></span> <span class='ocrx_word' id='word_1_210' title='bbox 1462 2100 1826 2163; x_wconf 90' lang='lat' dir='ltr'><strong>praeceptionis</strong></span> 
     </span>
     <span class='ocr_line' id='line_1_30' title="bbox 134 2166 1901 2240; baseline 0.002 -19"><span class='ocrx_word' id='word_1_211' title='bbox 134 2189 308 2222; x_wconf 89' lang='lat' dir='ltr'><strong>norma</strong></span> <span class='ocrx_word' id='word_1_212' title='bbox 362 2166 577 2240; x_wconf 56' lang='lat' dir='ltr'><strong>serua2ta</strong></span> <span class='ocrx_word' id='word_1_213' title='bbox 631 2174 727 2234; x_wconf 79' lang='lat' dir='ltr'><strong>est,</strong></span> <span class='ocrx_word' id='word_1_214' title='bbox 782 2175 831 2221; x_wconf 92' lang='lat' dir='ltr'><strong>et</strong></span> <span class='ocrx_word' id='word_1_215' title='bbox 885 2173 1028 2237; x_wconf 89' lang='lat' dir='ltr'><strong>regni</strong></span> <span class='ocrx_word' id='word_1_216' title='bbox 1074 2173 1178 2221; x_wconf 90' lang='lat' dir='ltr'><strong>eius</strong></span> <span class='ocrx_word' id='word_1_217' title='bbox 1228 2174 1463 2222; x_wconf 90' lang='lat' dir='ltr'><strong>maiestas</strong></span> <span class='ocrx_word' id='word_1_218' title='bbox 1511 2174 1729 2223; x_wconf 90' lang='lat' dir='ltr'><strong>effloruit</strong></span> <span class='ocrx_word' id='word_1_219' title='bbox 1776 2176 1826 2222; x_wconf 89' lang='lat' dir='ltr'><strong>et</strong></span> <span class='ocrx_word' id='word_1_220' title='bbox 1837 2184 1901 2226; x_wconf 76' lang='lat'><strong>29</strong></span> 
     </span>
     <span class='ocr_line' id='line_1_31' title="bbox 134 2246 1825 2311; baseline 0.001 -16"><span class='ocrx_word' id='word_1_221' title='bbox 134 2247 295 2296; x_wconf 90' lang='lat' dir='ltr'><strong>uictor</strong></span> <span class='ocrx_word' id='word_1_222' title='bbox 326 2247 385 2295; x_wconf 93' lang='lat' dir='ltr'><strong>de</strong></span> <span class='ocrx_word' id='word_1_223' title='bbox 416 2247 603 2296; x_wconf 89' lang='lat' dir='ltr'><strong>ostibus</strong></span> <span class='ocrx_word' id='word_1_224' title='bbox 640 2247 936 2295; x_wconf 87' lang='lat' dir='ltr'><strong>triumfauit.</strong></span> <span class='ocrx_word' id='word_1_225' title='bbox 1001 2246 1098 2294; x_wconf 87' lang='lat' dir='ltr'><strong>Sed</strong></span> <span class='ocrx_word' id='word_1_226' title='bbox 1133 2263 1242 2295; x_wconf 90' lang='lat' dir='ltr'><strong>ecce</strong></span> <span class='ocrx_word' id='word_1_227' title='bbox 1280 2248 1631 2311; x_wconf 83' lang='lat' dir='ltr'><strong>inobedientia,</strong></span> <span class='ocrx_word' id='word_1_228' title='bbox 1669 2249 1825 2297; x_wconf 89' lang='lat' dir='ltr'><strong>totius</strong></span> 
     </span>
    </p>
   </div>
   <div class='ocr_carea' id='block_1_10' title="bbox 138 2328 1330 2409">
    <p class='ocr_par' dir='ltr' id='par_1_10' title="bbox 138 2328 1330 2409">
     <span class='ocr_line' id='line_1_32' title="bbox 138 2328 1330 2409; baseline 0.001 -14"><span class='ocrx_word' id='word_1_229' title='bbox 138 2328 280 2394; x_wconf 63' lang='lat'><strong>——8</strong></span> <span class='ocrx_word' id='word_1_230' title='bbox 305 2365 395 2408; x_wconf 82' lang='lat' dir='ltr'><strong>sqq.</strong></span> <span class='ocrx_word' id='word_1_231' title='bbox 428 2353 485 2406; x_wconf 79' lang='lat' dir='ltr'><strong>cf.</strong></span> <span class='ocrx_word' id='word_1_232' title='bbox 518 2351 539 2394; x_wconf 94' lang='lat' dir='ltr'>I</span> <span class='ocrx_word' id='word_1_233' title='bbox 563 2351 684 2395; x_wconf 90' lang='lat' dir='ltr'><strong>Sam.</strong></span> <span class='ocrx_word' id='word_1_234' title='bbox 712 2356 737 2394; x_wconf 87' lang='grc'><strong>9</strong></span> <span class='ocrx_word' id='word_1_235' title='bbox 877 2355 930 2395; x_wconf 91' lang='grc'><strong>18</strong></span> <span class='ocrx_word' id='word_1_236' title='bbox 955 2365 1045 2409; x_wconf 79' lang='lat' dir='ltr'><strong>sqq.</strong></span> <span class='ocrx_word' id='word_1_237' title='bbox 1079 2351 1099 2394; x_wconf 91' lang='grc' dir='ltr'>Ι</span> <span class='ocrx_word' id='word_1_238' title='bbox 1125 2351 1246 2396; x_wconf 90' lang='lat' dir='ltr'><strong>Sam.</strong></span> <span class='ocrx_word' id='word_1_239' title='bbox 1276 2357 1330 2396; x_wconf 91' lang='lat'><strong>10</strong></span> 
     </span>
    </p>
   </div>
   <div class='ocr_carea' id='block_1_11' title="bbox 134 2447 1826 2803">
    <p class='ocr_par' dir='ltr' id='par_1_11' title="bbox 134 2447 1826 2803">
     <span class='ocr_line' id='line_1_33' title="bbox 256 2447 1825 2493; baseline 0 -1"><span class='ocrx_word' id='word_1_240' title='bbox 256 2454 278 2492; x_wconf 93' lang='lat'>1</span> <span class='ocrx_word' id='word_1_241' title='bbox 299 2447 547 2492; x_wconf 85' lang='lat' dir='ltr'><strong>desistitR</strong></span> <span class='ocrx_word' id='word_1_242' title='bbox 609 2447 893 2491; x_wconf 86' lang='lat' dir='ltr'><strong>samuhelem</strong></span> <span class='ocrx_word' id='word_1_243' title='bbox 912 2449 1002 2493; x_wconf 88' lang='lat' dir='ltr'><strong>PR</strong></span> <span class='ocrx_word' id='word_1_244' title='bbox 1062 2453 1088 2491; x_wconf 88' lang='grc'><strong>2</strong></span> <span class='ocrx_word' id='word_1_245' title='bbox 1115 2447 1434 2492; x_wconf 89' lang='lat' dir='ltr'><strong>adhibendum</strong></span> <span class='ocrx_word' id='word_1_246' title='bbox 1450 2449 1535 2493; x_wconf 86' lang='lat' dir='ltr'><strong>RS</strong></span> <span class='ocrx_word' id='word_1_247' title='bbox 1594 2449 1825 2492; x_wconf 91' lang='lat' dir='ltr'><strong>humanus</strong></span> 
     </span>
     <span class='ocr_line' id='line_1_34' title="bbox 134 2506 1826 2564; baseline 0.001 -13"><span class='ocrx_word' id='word_1_248' title='bbox 134 2525 170 2551; x_wconf 88' lang='grc' dir='ltr'><strong><em>ω</em></strong></span> <span class='ocrx_word' id='word_1_249' title='bbox 254 2512 282 2551; x_wconf 85' lang='grc'>4</span> <span class='ocrx_word' id='word_1_250' title='bbox 314 2506 525 2551; x_wconf 85' lang='lat' dir='ltr'><strong>samuhel</strong></span> <span class='ocrx_word' id='word_1_251' title='bbox 549 2507 646 2551; x_wconf 88' lang='lat' dir='ltr'><strong>PR</strong></span> <span class='ocrx_word' id='word_1_252' title='bbox 729 2512 755 2551; x_wconf 86' lang='lat'><strong>5</strong></span> <span class='ocrx_word' id='word_1_253' title='bbox 786 2507 1007 2564; x_wconf 83' lang='lat' dir='ltr'><strong>produxit</strong></span> <span class='ocrx_word' id='word_1_254' title='bbox 1031 2507 1067 2553; x_wconf 98' lang='lat' dir='ltr'><strong>S</strong></span> <span class='ocrx_word' id='word_1_255' title='bbox 1149 2512 1172 2550; x_wconf 85' lang='lat'><strong>7</strong></span> <span class='ocrx_word' id='word_1_256' title='bbox 1206 2506 1286 2564; x_wconf 93' lang='lat' dir='ltr'><strong>qui</strong></span> <span class='ocrx_word' id='word_1_257' title='bbox 1311 2507 1357 2552; x_wconf 81' lang='lat' dir='ltr'><em>R</em></span> <span class='ocrx_word' id='word_1_258' title='bbox 1448 2513 1503 2552; x_wconf 92' lang='grc'><strong>10</strong></span> <span class='ocrx_word' id='word_1_259' title='bbox 1535 2507 1826 2552; x_wconf 89' lang='lat' dir='ltr'><strong>israhelitica</strong></span> 
     </span>
     <span class='ocr_line' id='line_1_35' title="bbox 136 2565 1825 2625; baseline -0.001 -13"><span class='ocrx_word' id='word_1_260' title='bbox 136 2567 232 2612; x_wconf 87' lang='lat' dir='ltr'><strong>PR</strong></span> <span class='ocrx_word' id='word_1_261' title='bbox 323 2580 504 2611; x_wconf 91' lang='lat' dir='ltr'><strong>summa</strong></span> <span class='ocrx_word' id='word_1_262' title='bbox 537 2565 876 2625; x_wconf 79' lang='lat' dir='ltr'><strong>&lt;destinata&gt;.9</strong></span> <span class='ocrx_word' id='word_1_263' title='bbox 902 2567 975 2611; x_wconf 86' lang='lat' dir='ltr'><strong>He</strong></span> <span class='ocrx_word' id='word_1_264' title='bbox 1064 2566 1215 2610; x_wconf 88' lang='lat' dir='ltr'><strong>uirtus</strong></span> <span class='ocrx_word' id='word_1_265' title='bbox 1239 2567 1286 2611; x_wconf 82' lang='lat' dir='ltr'><em>R</em></span> <span class='ocrx_word' id='word_1_266' title='bbox 1395 2571 1448 2611; x_wconf 87' lang='lat'><strong>12</strong></span> <span class='ocrx_word' id='word_1_267' title='bbox 1481 2567 1638 2612; x_wconf 89' lang='lat' dir='ltr'><strong>studio</strong></span> <span class='ocrx_word' id='word_1_268' title='bbox 1670 2567 1825 2612; x_wconf 90' lang='lat' dir='ltr'><strong>Saulis</strong></span> 
     </span>
     <span class='ocr_line' id='line_1_36' title="bbox 134 2625 1823 2684; baseline 0 -13"><span class='ocrx_word' id='word_1_269' title='bbox 134 2626 172 2671; x_wconf 91' lang='lat' dir='ltr'><strong>S</strong></span> <span class='ocrx_word' id='word_1_270' title='bbox 304 2630 358 2670; x_wconf 88' lang='lat'><strong>13</strong></span> <span class='ocrx_word' id='word_1_271' title='bbox 389 2625 637 2669; x_wconf 87' lang='lat' dir='ltr'><strong>laborante</strong></span> <span class='ocrx_word' id='word_1_272' title='bbox 662 2642 696 2669; x_wconf 86' lang='grc' dir='ltr'><strong>ω</strong></span> <span class='ocrx_word' id='word_1_273' title='bbox 741 2628 835 2669; x_wconf 90' lang='lat' dir='ltr'><strong>-ter</strong></span> <span class='ocrx_word' id='word_1_274' title='bbox 861 2627 1087 2684; x_wconf 65' lang='lat' dir='ltr'><strong>Plasberg]</strong></span> <span class='ocrx_word' id='word_1_275' title='bbox 1202 2625 1462 2683; x_wconf 84' lang='lat' dir='ltr'><strong>indignitas</strong></span> <span class='ocrx_word' id='word_1_276' title='bbox 1488 2626 1525 2672; x_wconf 92' lang='lat' dir='ltr'><strong>S</strong></span> <span class='ocrx_word' id='word_1_277' title='bbox 1551 2628 1624 2684; x_wconf 74' lang='lat' dir='ltr'><strong>(ex</strong></span> <span class='ocrx_word' id='word_1_278' title='bbox 1654 2628 1823 2683; x_wconf 75' lang='lat' dir='ltr'><strong>coni.?)</strong></span> 
     </span>
     <span class='ocr_line' id='line_1_37' title="bbox 137 2684 1824 2744; baseline 0.001 -15"><span class='ocrx_word' id='word_1_279' title='bbox 137 2684 364 2729; x_wconf 88' lang='lat' dir='ltr'><strong>diuinitas</strong></span> <span class='ocrx_word' id='word_1_280' title='bbox 388 2685 483 2731; x_wconf 85' lang='lat' dir='ltr'><strong>PR</strong></span> <span class='ocrx_word' id='word_1_281' title='bbox 613 2689 666 2728; x_wconf 82' lang='lat'><strong>17</strong></span> <span class='ocrx_word' id='word_1_282' title='bbox 699 2684 868 2729; x_wconf 88' lang='lat' dir='ltr'><strong>habuit</strong></span> <span class='ocrx_word' id='word_1_283' title='bbox 891 2686 937 2730; x_wconf 82' lang='lat' dir='ltr'><em>R</em></span> <span class='ocrx_word' id='word_1_284' title='bbox 947 2686 982 2730; x_wconf 86' lang='lat' dir='ltr'><strong>S</strong></span> <span class='ocrx_word' id='word_1_285' title='bbox 1109 2690 1162 2729; x_wconf 90' lang='lat'><strong>18</strong></span> <span class='ocrx_word' id='word_1_286' title='bbox 1196 2699 1338 2730; x_wconf 91' lang='lat' dir='ltr'><strong>cornu</strong></span> <span class='ocrx_word' id='word_1_287' title='bbox 1369 2700 1439 2730; x_wconf 88' lang='lat' dir='ltr'><strong>om</strong></span> <span class='ocrx_word' id='word_1_288' title='bbox 1462 2686 1510 2731; x_wconf 88' lang='lat' dir='ltr'><strong><em>R</em></strong></span> <span class='ocrx_word' id='word_1_289' title='bbox 1632 2691 1685 2730; x_wconf 88' lang='lat'><strong>19</strong></span> <span class='ocrx_word' id='word_1_290' title='bbox 1718 2701 1824 2744; x_wconf 85' lang='lat' dir='ltr'><strong>par-</strong></span> 
     </span>
     <span class='ocr_line' id='line_1_38' title="bbox 134 2743 1823 2803; baseline 0 -14"><span class='ocrx_word' id='word_1_291' title='bbox 134 2744 342 2789; x_wconf 88' lang='lat' dir='ltr'><strong>turiebat</strong></span> <span class='ocrx_word' id='word_1_292' title='bbox 365 2744 401 2789; x_wconf 92' lang='lat' dir='ltr'><strong>S</strong></span> <span class='ocrx_word' id='word_1_293' title='bbox 487 2743 762 2801; x_wconf 81' lang='lat' dir='ltr'><strong>mysterium</strong></span> <span class='ocrx_word' id='word_1_294' title='bbox 785 2745 830 2789; x_wconf 82' lang='lat' dir='ltr'><em>R</em></span> <span class='ocrx_word' id='word_1_295' title='bbox 940 2749 998 2788; x_wconf 91' lang='grc'><strong>20</strong></span> <span class='ocrx_word' id='word_1_296' title='bbox 1030 2743 1284 2789; x_wconf 90' lang='lat' dir='ltr'><strong>nuntiabat</strong></span> <span class='ocrx_word' id='word_1_297' title='bbox 1305 2745 1400 2790; x_wconf 82' lang='lat' dir='ltr'><strong>RS</strong></span> <span class='ocrx_word' id='word_1_298' title='bbox 1485 2745 1763 2803; x_wconf 89' lang='lat' dir='ltr'><strong>prophetam</strong></span> <span class='ocrx_word' id='word_1_299' title='bbox 1788 2763 1823 2789; x_wconf 91' lang='grc' dir='ltr'>ω</span> 
     </span>
    </p>
   </div>
   <div class='ocr_carea' id='block_1_12' title="bbox 247 2327 491 2332">
    <p class='ocr_par' dir='ltr' id='par_1_12' title="bbox 247 2327 491 2332">
     <span class='ocr_line' id='line_1_39' title="bbox 247 2327 491 2332; baseline 0 0"><span class='ocrx_word' id='word_1_300' title='bbox 247 2327 491 2332; x_wconf 95' lang='lat' dir='ltr'><strong> </strong></span> 
     </span>
    </p>
   </div>
   <div class='ocr_carea' id='block_1_13' title="bbox 159 2423 493 2429">
    <p class='ocr_par' dir='ltr' id='par_1_13' title="bbox 159 2423 493 2429">
     <span class='ocr_line' id='line_1_40' title="bbox 159 2423 493 2429; baseline 0 0"><span class='ocrx_word' id='word_1_301' title='bbox 159 2423 493 2429; x_wconf 95' lang='lat' dir='ltr'><strong> </strong></span> 
     </span>
    </p>
   </div>
   <div class='ocr_carea' id='block_1_14' title="bbox 127 2803 1831 2871">
    <p class='ocr_par' dir='ltr' id='par_1_14' title="bbox 127 2803 1831 2871">
     <span class='ocr_line' id='line_1_41' title="bbox 127 2803 1831 2871; baseline 0 -22"><span class='ocrx_word' id='word_1_302' title='bbox 127 2817 202 2848; x_wconf 84' lang='lat' dir='ltr'><strong>-em</strong></span> <span class='ocrx_word' id='word_1_303' title='bbox 226 2805 298 2849; x_wconf 84' lang='lat' dir='ltr'><strong>He</strong></span> <span class='ocrx_word' id='word_1_304' title='bbox 419 2808 474 2847; x_wconf 93' lang='grc'><strong>22</strong></span> <span class='ocrx_word' id='word_1_305' title='bbox 505 2803 786 2861; x_wconf 88' lang='lat' dir='ltr'><strong>prophetare</strong></span> <span class='ocrx_word' id='word_1_306' title='bbox 810 2803 898 2848; x_wconf 90' lang='lat' dir='ltr'><strong>PS</strong></span> <span class='ocrx_word' id='word_1_307' title='bbox 1016 2809 1072 2847; x_wconf 85' lang='lat'><strong>23</strong></span> <span class='ocrx_word' id='word_1_308' title='bbox 1103 2817 1299 2871; x_wconf 75' lang='lat' dir='ltr'><strong>regnare</strong></span> <span class='ocrx_word' id='word_1_309' title='bbox 1324 2804 1360 2849; x_wconf 90' lang='lat' dir='ltr'><strong>S</strong></span> <span class='ocrx_word' id='word_1_310' title='bbox 1478 2809 1535 2848; x_wconf 82' lang='grc'><strong>24</strong></span> <span class='ocrx_word' id='word_1_311' title='bbox 1567 2805 1768 2849; x_wconf 90' lang='lat' dir='ltr'><strong>enormis</strong></span> <span class='ocrx_word' id='word_1_312' title='bbox 1794 2805 1831 2850; x_wconf 89' lang='lat' dir='ltr'><strong>S</strong></span> 
     </span>
    </p>
   </div>
   <div class='ocr_carea' id='block_1_15' title="bbox 129 2862 1830 2980">
    <p class='ocr_par' dir='ltr' id='par_1_15' title="bbox 129 2862 1830 2980">
     <span class='ocr_line' id='line_1_42' title="bbox 196 2862 1825 2920; baseline 0.001 -14"><span class='ocrx_word' id='word_1_313' title='bbox 196 2867 252 2906; x_wconf 88' lang='grc'><strong>25</strong></span> <span class='ocrx_word' id='word_1_314' title='bbox 290 2878 347 2908; x_wconf 78' lang='lat' dir='ltr'><strong>ex</strong></span> <span class='ocrx_word' id='word_1_315' title='bbox 382 2862 679 2919; x_wconf 89' lang='lat' dir='ltr'><strong>proceritatis</strong></span> <span class='ocrx_word' id='word_1_316' title='bbox 717 2876 984 2907; x_wconf 88' lang='lat' dir='ltr'><strong>mensuram</strong></span> <span class='ocrx_word' id='word_1_317' title='bbox 1023 2876 1172 2907; x_wconf 89' lang='lat' dir='ltr'><strong>omms</strong></span> <span class='ocrx_word' id='word_1_318' title='bbox 1204 2865 1274 2919; x_wconf 83' lang='lat' dir='ltr'><strong>eff.</strong></span> <span class='ocrx_word' id='word_1_319' title='bbox 1307 2863 1564 2920; x_wconf 87' lang='lat' dir='ltr'><strong>proceritas</strong></span> <span class='ocrx_word' id='word_1_320' title='bbox 1605 2878 1825 2908; x_wconf 85' lang='lat' dir='ltr'><strong>mensura</strong></span> 
     </span>
     <span class='ocr_line' id='line_1_43' title="bbox 129 2921 1830 2980; baseline 0.002 -15"><span class='ocrx_word' id='word_1_321' title='bbox 129 2921 351 2966; x_wconf 82' lang='lat' dir='ltr'><strong>omnibus</strong></span> <span class='ocrx_word' id='word_1_322' title='bbox 377 2922 414 2967; x_wconf 88' lang='lat' dir='ltr'><strong>S</strong></span> <span class='ocrx_word' id='word_1_323' title='bbox 550 2926 604 2966; x_wconf 88' lang='grc'><strong>28</strong></span> <span class='ocrx_word' id='word_1_324' title='bbox 637 2921 850 2966; x_wconf 86' lang='lat' dir='ltr'><strong>hostibus</strong></span> <span class='ocrx_word' id='word_1_325' title='bbox 882 2939 917 2966; x_wconf 85' lang='grc' dir='ltr'><em>ω</em></span> <span class='ocrx_word' id='word_1_326' title='bbox 1030 2922 1341 2980; x_wconf 90' lang='lat' dir='ltr'><strong>triumphauit</strong></span> <span class='ocrx_word' id='word_1_327' title='bbox 1363 2923 1452 2968; x_wconf 89' lang='lat' dir='ltr'><strong>PS</strong></span> <span class='ocrx_word' id='word_1_328' title='bbox 1560 2937 1666 2968; x_wconf 90' lang='lat' dir='ltr'><strong>ecce</strong></span> <span class='ocrx_word' id='word_1_329' title='bbox 1698 2938 1769 2968; x_wconf 85' lang='lat' dir='ltr'><strong>om</strong></span> <span class='ocrx_word' id='word_1_330' title='bbox 1793 2923 1830 2968; x_wconf 89' lang='lat' dir='ltr'><strong>S</strong></span> 
     </span>
    </p>
   </div>
  </div>
 </body>
</html>
