<?xml version="1.0" encoding="UTF-8"?>
<!DOCTYPE html PUBLIC "-//W3C//DTD XHTML 1.0 Transitional//EN"
    "http://www.w3.org/TR/xhtml1/DTD/xhtml1-transitional.dtd">
<html xmlns="http://www.w3.org/1999/xhtml" xml:lang="en" lang="en">
 <head>
  <title>
</title>
<meta http-equiv="Content-Type" content="text/html;charset=utf-8" />
  <meta name='ocr-system' content='tesseract 3.04.00' />
  <meta name='ocr-capabilities' content='ocr_page ocr_carea ocr_par ocr_line ocrx_word'/>
</head>
<body>
  <div class='ocr_page' id='page_1' title='image "./operafulg00fulguoft_0206.png"; bbox 0 0 1976 3120; ppageno 0'>
   <div class='ocr_carea' id='block_1_1' title="bbox 249 92 1374 144">
    <p class='ocr_par' dir='ltr' id='par_1_1' title="bbox 249 92 1374 144">
     <span class='ocr_line' id='line_1_1' title="bbox 249 92 1374 144; baseline -0.005 0"><span class='ocrx_word' id='word_1_1' title='bbox 249 92 350 144; x_wconf 87' lang='grc'>186</span> <span class='ocrx_word' id='word_1_2' title='bbox 801 93 992 139; x_wconf 84' lang='lat' dir='ltr'><strong>SUPER</strong></span> <span class='ocrx_word' id='word_1_3' title='bbox 1021 92 1374 138; x_wconf 81' lang='lat' dir='ltr'>THEBAIDEN</span> 
     </span>
    </p>
   </div>
   <div class='ocr_carea' id='block_1_2' title="bbox 176 214 1928 1022">
    <p class='ocr_par' dir='ltr' id='par_1_2' title="bbox 241 214 1928 505">
     <span class='ocr_line' id='line_1_2' title="bbox 241 214 1923 285; baseline 0.002 -20"><span class='ocrx_word' id='word_1_4' title='bbox 241 217 475 280; x_wconf 88' lang='lat' dir='ltr'>superbia</span> <span class='ocrx_word' id='word_1_5' title='bbox 511 220 769 280; x_wconf 78' lang='lat' dir='ltr'><strong>tamquam</strong></span> <span class='ocrx_word' id='word_1_6' title='bbox 806 218 995 267; x_wconf 90' lang='lat' dir='ltr'>fontem</span> <span class='ocrx_word' id='word_1_7' title='bbox 1032 217 1168 266; x_wconf 81' lang='lat' dir='ltr'>sitim</span> <span class='ocrx_word' id='word_1_8' title='bbox 1205 214 1518 285; x_wconf 77' lang='lat' dir='ltr'>&lt;sedoentem&gt;</span> <span class='ocrx_word' id='word_1_9' title='bbox 1549 222 1599 268; x_wconf 88' lang='lat' dir='ltr'>et</span> <span class='ocrx_word' id='word_1_10' title='bbox 1629 221 1705 269; x_wconf 91' lang='lat' dir='ltr'>sui</span> <span class='ocrx_word' id='word_1_11' title='bbox 1735 221 1923 270; x_wconf 87' lang='lat' dir='ltr'>erroris</span> 
     </span>
     <span class='ocr_line' id='line_1_3' title="bbox 241 292 1927 358; baseline 0.003 -19"><span class='ocrx_word' id='word_1_12' title='bbox 241 292 365 341; x_wconf 89' lang='lat' dir='ltr'>fidas</span> <span class='ocrx_word' id='word_1_13' title='bbox 413 292 676 340; x_wconf 74' lang='lat' dir='ltr'>adjutrices</span> <span class='ocrx_word' id='word_1_14' title='bbox 722 292 846 340; x_wconf 81' lang='lat' dir='ltr'>miro</span> <span class='ocrx_word' id='word_1_15' title='bbox 887 292 1052 355; x_wconf 85' lang='lat' dir='ltr'>diligit</span> <span class='ocrx_word' id='word_1_16' title='bbox 1099 293 1290 341; x_wconf 86' lang='lat' dir='ltr'>affectu.</span> <span class='ocrx_word' id='word_1_17' title='bbox 1367 293 1556 342; x_wconf 85' lang='lat' dir='ltr'>Uxores</span> <span class='ocrx_word' id='word_1_18' title='bbox 1593 311 1713 344; x_wconf 91' lang='lat' dir='ltr'>uero</span> <span class='ocrx_word' id='word_1_19' title='bbox 1751 311 1927 358; x_wconf 86' lang='lat' dir='ltr'>regum</span> 
     </span>
     <span class='ocr_line' id='line_1_4' title="bbox 242 366 1924 432; baseline 0.002 -18"><span class='ocrx_word' id='word_1_20' title='bbox 242 366 295 414; x_wconf 88' lang='lat' dir='ltr'>id</span> <span class='ocrx_word' id='word_1_21' title='bbox 340 369 416 414; x_wconf 89' lang='lat' dir='ltr'>est</span> <span class='ocrx_word' id='word_1_22' title='bbox 461 366 745 414; x_wconf 85' lang='lat' dir='ltr'>affectiones</span> <span class='ocrx_word' id='word_1_23' title='bbox 799 366 1042 413; x_wconf 84' lang='lat' dir='ltr'>humanae</span> <span class='ocrx_word' id='word_1_24' title='bbox 1091 382 1219 428; x_wconf 86' lang='lat' dir='ltr'>quae</span> <span class='ocrx_word' id='word_1_25' title='bbox 1264 367 1400 429; x_wconf 87' lang='lat' dir='ltr'>prius</span> <span class='ocrx_word' id='word_1_26' title='bbox 1447 367 1523 415; x_wconf 81' lang='lat' dir='ltr'>his</span> <span class='ocrx_word' id='word_1_27' title='bbox 1567 368 1763 432; x_wconf 87' lang='lat' dir='ltr'>regibus</span> <span class='ocrx_word' id='word_1_28' title='bbox 1818 384 1924 418; x_wconf 84' lang='lat' dir='ltr'>suc-</span> 
     </span>
     <span class='ocr_line' id='line_1_5' title="bbox 244 440 1928 505; baseline 0.001 -17"><span class='ocrx_word' id='word_1_29' title='bbox 244 440 517 488; x_wconf 89' lang='lat' dir='ltr'>cubuerant</span> <span class='ocrx_word' id='word_1_30' title='bbox 561 440 902 502; x_wconf 88' lang='lat' dir='ltr'>supplicantur</span> <span class='ocrx_word' id='word_1_31' title='bbox 941 440 1122 487; x_wconf 84' lang='lat' dir='ltr'>Theseo</span> <span class='ocrx_word' id='word_1_32' title='bbox 1160 440 1212 487; x_wconf 88' lang='lat' dir='ltr'>id</span> <span class='ocrx_word' id='word_1_33' title='bbox 1252 443 1325 488; x_wconf 90' lang='lat' dir='ltr'>est</span> <span class='ocrx_word' id='word_1_34' title='bbox 1371 441 1483 504; x_wconf 80' lang='lat' dir='ltr'>deo3</span> <span class='ocrx_word' id='word_1_35' title='bbox 1530 442 1743 490; x_wconf 82' lang='lat' dir='ltr'>Theseus</span> <span class='ocrx_word' id='word_1_36' title='bbox 1783 442 1928 505; x_wconf 88' lang='lat' dir='ltr'>quasi</span> 
     </span>
    </p>

    <p class='ocr_par' dir='ltr' id='par_1_3' title="bbox 197 513 1927 860">
     <span class='ocr_line' id='line_1_6' title="bbox 197 513 1925 578; baseline 0.001 -14"><span class='ocrx_word' id='word_1_37' title='bbox 197 533 219 565; x_wconf 86' lang='lat'><strong>5</strong></span> <span class='ocrx_word' id='word_1_38' title='bbox 242 515 384 562; x_wconf 89' lang='lat' dir='ltr'>theos</span> <span class='ocrx_word' id='word_1_39' title='bbox 430 530 560 562; x_wconf 90' lang='lat' dir='ltr'>suus.</span> <span class='ocrx_word' id='word_1_40' title='bbox 646 515 860 562; x_wconf 86' lang='lat' dir='ltr'>Theseus</span> <span class='ocrx_word' id='word_1_41' title='bbox 907 517 1099 576; x_wconf 86' lang='lat' dir='ltr'>pugnat</span> <span class='ocrx_word' id='word_1_42' title='bbox 1152 530 1261 562; x_wconf 90' lang='lat' dir='ltr'>cum</span> <span class='ocrx_word' id='word_1_43' title='bbox 1308 513 1537 576; x_wconf 76' lang='lat' dir='ltr'>Creonte,</span> <span class='ocrx_word' id='word_1_44' title='bbox 1593 516 1788 578; x_wconf 84' lang='lat' dir='ltr'>quando</span> <span class='ocrx_word' id='word_1_45' title='bbox 1832 517 1925 565; x_wconf 90' lang='lat' dir='ltr'>hu-</span> 
     </span>
     <span class='ocr_line' id='line_1_7' title="bbox 242 588 1926 651; baseline 0.001 -15"><span class='ocrx_word' id='word_1_46' title='bbox 242 588 456 636; x_wconf 80' lang='lat' dir='ltr'>militate</span> <span class='ocrx_word' id='word_1_47' title='bbox 496 588 699 636; x_wconf 85' lang='lat' dir='ltr'>docetur</span> <span class='ocrx_word' id='word_1_48' title='bbox 737 604 765 635; x_wconf 88' lang='lat' dir='ltr'>a</span> <span class='ocrx_word' id='word_1_49' title='bbox 805 588 894 636; x_wconf 87' lang='lat' dir='ltr'>deo</span> <span class='ocrx_word' id='word_1_50' title='bbox 941 588 1076 636; x_wconf 83' lang='lat' dir='ltr'>uinci</span> <span class='ocrx_word' id='word_1_51' title='bbox 1115 589 1366 651; x_wconf 81' lang='lat' dir='ltr'>superbia3</span> <span class='ocrx_word' id='word_1_52' title='bbox 1417 591 1467 637; x_wconf 91' lang='lat' dir='ltr'>et</span> <span class='ocrx_word' id='word_1_53' title='bbox 1511 589 1730 638; x_wconf 85' lang='lat' dir='ltr'>uincitur</span> <span class='ocrx_word' id='word_1_54' title='bbox 1769 588 1926 640; x_wconf 83' lang='lat' dir='ltr'>Creon</span> 
     </span>
     <span class='ocr_line' id='line_1_8' title="bbox 242 662 1927 727; baseline 0.001 -17"><span class='ocrx_word' id='word_1_55' title='bbox 242 662 295 709; x_wconf 83' lang='lat' dir='ltr'>id</span> <span class='ocrx_word' id='word_1_56' title='bbox 333 664 408 710; x_wconf 91' lang='lat' dir='ltr'>est</span> <span class='ocrx_word' id='word_1_57' title='bbox 445 662 675 724; x_wconf 90' lang='lat' dir='ltr'>superbia</span> <span class='ocrx_word' id='word_1_58' title='bbox 713 662 933 710; x_wconf 90' lang='lat' dir='ltr'>nesciens</span> <span class='ocrx_word' id='word_1_59' title='bbox 971 662 1246 711; x_wconf 70' lang='lat' dir='ltr'>humilitati</span> <span class='ocrx_word' id='word_1_60' title='bbox 1279 663 1521 711; x_wconf 86' lang='lat' dir='ltr'>resistere.</span> <span class='ocrx_word' id='word_1_61' title='bbox 1582 664 1740 727; x_wconf 86' lang='lat' dir='ltr'>Reges</span> <span class='ocrx_word' id='word_1_62' title='bbox 1773 664 1927 712; x_wconf 88' lang='lat' dir='ltr'>etiam</span> 
     </span>
     <span class='ocr_line' id='line_1_9' title="bbox 244 736 1925 798; baseline 0.001 -13"><span class='ocrx_word' id='word_1_63' title='bbox 244 737 565 798; x_wconf 77' lang='lat' dir='ltr'>sepeliuntur,</span> <span class='ocrx_word' id='word_1_64' title='bbox 621 736 738 798; x_wconf 90' lang='lat' dir='ltr'>quia</span> <span class='ocrx_word' id='word_1_65' title='bbox 791 737 844 783; x_wconf 90' lang='lat' dir='ltr'>in</span> <span class='ocrx_word' id='word_1_66' title='bbox 895 736 1194 784; x_wconf 89' lang='lat' dir='ltr'>humilitatis</span> <span class='ocrx_word' id='word_1_67' title='bbox 1248 737 1469 785; x_wconf 77' lang='lat' dir='ltr'>aduentu</span> <span class='ocrx_word' id='word_1_68' title='bbox 1523 737 1680 785; x_wconf 84' lang='lat' dir='ltr'>omnis</span> <span class='ocrx_word' id='word_1_69' title='bbox 1733 738 1925 787; x_wconf 80' lang='lat' dir='ltr'>occasio</span> 
     </span>
     <span class='ocr_line' id='line_1_10' title="bbox 244 810 1925 860; baseline 0.002 -3"><span class='ocrx_word' id='word_1_70' title='bbox 244 810 472 859; x_wconf 88' lang='lat' dir='ltr'>elationis</span> <span class='ocrx_word' id='word_1_71' title='bbox 505 810 786 858; x_wconf 87' lang='lat' dir='ltr'>suffocatur.</span> <span class='ocrx_word' id='word_1_72' title='bbox 841 811 1003 858; x_wconf 92' lang='lat' dir='ltr'>Tanto</span> <span class='ocrx_word' id='word_1_73' title='bbox 1036 812 1203 858; x_wconf 89' lang='lat' dir='ltr'>autem</span> <span class='ocrx_word' id='word_1_74' title='bbox 1232 811 1471 859; x_wconf 89' lang='lat' dir='ltr'>uitiorum</span> <span class='ocrx_word' id='word_1_75' title='bbox 1503 811 1731 859; x_wconf 82' lang='lat' dir='ltr'>conflictu</span> <span class='ocrx_word' id='word_1_76' title='bbox 1761 811 1925 860; x_wconf 89' lang='lat' dir='ltr'>Thebe</span> 
     </span>
    </p>

    <p class='ocr_par' dir='ltr' id='par_1_4' title="bbox 176 884 1925 1022">
     <span class='ocr_line' id='line_1_11' title="bbox 176 884 1925 948; baseline 0.001 -15"><span class='ocrx_word' id='word_1_77' title='bbox 176 904 221 936; x_wconf 74' lang='grc' dir='ltr'>ιο</span> <span class='ocrx_word' id='word_1_78' title='bbox 243 884 296 931; x_wconf 86' lang='lat' dir='ltr'>id</span> <span class='ocrx_word' id='word_1_79' title='bbox 342 887 416 932; x_wconf 91' lang='lat' dir='ltr'>est</span> <span class='ocrx_word' id='word_1_80' title='bbox 459 884 676 932; x_wconf 87' lang='lat' dir='ltr'>humana</span> <span class='ocrx_word' id='word_1_81' title='bbox 723 884 889 932; x_wconf 90' lang='lat' dir='ltr'>anima</span> <span class='ocrx_word' id='word_1_82' title='bbox 935 887 1170 946; x_wconf 86' lang='lat' dir='ltr'>quassata</span> <span class='ocrx_word' id='word_1_83' title='bbox 1216 887 1291 933; x_wconf 91' lang='lat' dir='ltr'>est</span> <span class='ocrx_word' id='word_1_84' title='bbox 1338 885 1554 948; x_wconf 87' lang='lat' dir='ltr'>quidem,</span> <span class='ocrx_word' id='word_1_85' title='bbox 1602 885 1687 934; x_wconf 87' lang='lat' dir='ltr'>sed</span> <span class='ocrx_word' id='word_1_86' title='bbox 1728 885 1925 934; x_wconf 80' lang='lat' dir='ltr'>diu-inae</span> 
     </span>
     <span class='ocr_line' id='line_1_12' title="bbox 242 958 1510 1022; baseline 0.001 -16"><span class='ocrx_word' id='word_1_87' title='bbox 242 958 566 1022; x_wconf 79' lang='lat' dir='ltr'>benignitatis</span> <span class='ocrx_word' id='word_1_88' title='bbox 605 959 858 1007; x_wconf 67' lang='lat' dir='ltr'>clementia</span> <span class='ocrx_word' id='word_1_89' title='bbox 898 959 1217 1007; x_wconf 89' lang='lat' dir='ltr'>subueniente</span> <span class='ocrx_word' id='word_1_90' title='bbox 1258 959 1510 1007; x_wconf 83' lang='lat' dir='ltr'>liberatur.</span> 
     </span>
    </p>
   </div>
   <div class='ocr_carea' id='block_1_3' title="bbox 243 1059 597 1066">
    <p class='ocr_par' dir='ltr' id='par_1_5' title="bbox 243 1059 597 1066">
     <span class='ocr_line' id='line_1_13' title="bbox 243 1059 597 1066; baseline 0 2054"><span class='ocrx_word' id='word_1_91' title='bbox 243 1059 597 1066; x_wconf 95' lang='lat' dir='ltr'> </span> 
     </span>
    </p>
   </div>
   <div class='ocr_carea' id='block_1_4' title="bbox 243 1114 1926 1279">
    <p class='ocr_par' dir='ltr' id='par_1_6' title="bbox 243 1114 1926 1279">
     <span class='ocr_line' id='line_1_14' title="bbox 363 1114 1924 1173; baseline 0.001 -15"><span class='ocrx_word' id='word_1_92' title='bbox 363 1120 385 1158; x_wconf 89' lang='lat'>1</span> <span class='ocrx_word' id='word_1_93' title='bbox 420 1114 567 1173; x_wconf 83' lang='lat' dir='ltr'>sitim]</span> <span class='ocrx_word' id='word_1_94' title='bbox 600 1129 734 1159; x_wconf 85' lang='lat' dir='ltr'>suum</span> <span class='ocrx_word' id='word_1_95' title='bbox 765 1115 985 1173; x_wconf 68' lang='lat' dir='ltr'>Plasberg}</span> <span class='ocrx_word' id='word_1_96' title='bbox 1016 1115 1257 1159; x_wconf 88' lang='lat' dir='ltr'>sedantem</span> <span class='ocrx_word' id='word_1_97' title='bbox 1287 1116 1486 1172; x_wconf 63' lang='lat' dir='ltr'>intem-pos</span> <span class='ocrx_word' id='word_1_98' title='bbox 1509 1116 1583 1159; x_wconf 83' lang='lat' dir='ltr'>He</span> <span class='ocrx_word' id='word_1_99' title='bbox 1724 1119 1753 1158; x_wconf 88' lang='lat'>4</span> <span class='ocrx_word' id='word_1_100' title='bbox 1788 1115 1924 1159; x_wconf 81' lang='lat' dir='ltr'>theos</span> 
     </span>
     <span class='ocr_line' id='line_1_15' title="bbox 243 1173 1926 1220; baseline 0.002 -3"><span class='ocrx_word' id='word_1_101' title='bbox 243 1175 290 1217; x_wconf 92' lang='lat' dir='ltr'><em>P</em></span> <span class='ocrx_word' id='word_1_102' title='bbox 327 1173 505 1218; x_wconf 86' lang='lat' dir='ltr'>Theseo</span> <span class='ocrx_word' id='word_1_103' title='bbox 531 1174 604 1219; x_wconf 84' lang='lat' dir='ltr'>He</span> <span class='ocrx_word' id='word_1_104' title='bbox 726 1179 749 1218; x_wconf 80' lang='lat'><strong>7</strong></span> <span class='ocrx_word' id='word_1_105' title='bbox 774 1173 1042 1218; x_wconf 81' lang='lat' dir='ltr'>humilitate</span> <span class='ocrx_word' id='word_1_106' title='bbox 1066 1175 1113 1218; x_wconf 91' lang='lat' dir='ltr'><strong><em>P</em></strong></span> <span class='ocrx_word' id='word_1_107' title='bbox 1131 1189 1198 1219; x_wconf 85' lang='lat' dir='ltr'>em</span> <span class='ocrx_word' id='word_1_108' title='bbox 1214 1174 1288 1218; x_wconf 84' lang='lat' dir='ltr'>He</span> <span class='ocrx_word' id='word_1_109' title='bbox 1414 1179 1440 1218; x_wconf 90' lang='lat'>8</span> <span class='ocrx_word' id='word_1_110' title='bbox 1467 1174 1672 1218; x_wconf 65' lang='lat' dir='ltr'>aduentu</span> <span class='ocrx_word' id='word_1_111' title='bbox 1695 1174 1742 1218; x_wconf 93' lang='lat' dir='ltr'><em>P</em></span> <span class='ocrx_word' id='word_1_112' title='bbox 1761 1189 1828 1220; x_wconf 89' lang='lat' dir='ltr'>em</span> <span class='ocrx_word' id='word_1_113' title='bbox 1851 1174 1926 1220; x_wconf 81' lang='lat' dir='ltr'>He</span> 
     </span>
     <span class='ocr_line' id='line_1_16' title="bbox 305 1233 1278 1279; baseline 0 -3"><span class='ocrx_word' id='word_1_114' title='bbox 305 1238 357 1276; x_wconf 88' lang='lat'>11</span> <span class='ocrx_word' id='word_1_115' title='bbox 392 1233 546 1278; x_wconf 77' lang='lat' dir='ltr'>dfficia</span> <span class='ocrx_word' id='word_1_116' title='bbox 563 1235 609 1277; x_wconf 88' lang='lat' dir='ltr'><strong><em>P</em></strong></span> <span class='ocrx_word' id='word_1_117' title='bbox 628 1249 695 1279; x_wconf 84' lang='lat' dir='ltr'>em</span> <span class='ocrx_word' id='word_1_118' title='bbox 712 1233 784 1279; x_wconf 83' lang='lat' dir='ltr'>He</span> <span class='ocrx_word' id='word_1_119' title='bbox 933 1233 1206 1278; x_wconf 87' lang='lat' dir='ltr'>EXPLICIT</span> <span class='ocrx_word' id='word_1_120' title='bbox 1232 1234 1278 1276; x_wconf 91' lang='lat' dir='ltr'><strong><em>P</em></strong></span> 
     </span>
    </p>
   </div>
  </div>
 </body>
</html>
