1976 3120
120 118 191 170 84
781 118 1137 164 UIRGILIANA

51 195 103 227 M.
117 244 415 294 musicorum
453 247 504 292 et
540 244 787 307 magicam
826 244 1120 308 designauit,
1158 245 1212 292 in
1249 248 1389 308 parte
1426 263 1543 296 uero
1583 249 1801 296 extrema
1819 198 1877 234 St.
1911 222 1918 223 ⁷

29 330 120 371 139
131 318 301 382 tetigit
341 314 348 383 Ι
398 318 684 380 eufemesin,
739 334 891 380 quam
937 319 1088 366 etiam
1139 319 1193 367 in
1237 335 1369 368 nona
1415 321 1590 385 egloga
1634 337 1801 384 prose-

119 396 263 441 cutus
303 395 390 455 est,
429 393 482 439 in
521 395 702 441 octaua
743 392 940 454 quidem
978 393 1065 440 ubi
1104 393 1244 441 dicit:

193 492 404 559 ‘Aspice,
444 495 681 558 corripuit
718 495 942 544 tremulis
980 497 1161 544 altaria
1198 498 1408 545 flammis

74 587 94 620 5
193 573 367 632 sponte
408 586 510 631 sua,
550 570 666 616 dum
704 569 830 617 ferre
869 586 1046 631 moror,
1087 571 1208 618 cinis
1247 572 1365 633 ipse.
1427 572 1625 621 Bonum
1661 572 1739 621 sit.

93 646 99 650 ”
192 645 371 692 Nescio
413 644 533 705 quid
572 646 759 691 certum
797 646 872 691 est
910 647 960 691 et
997 645 1141 692 Hilas
1179 646 1231 692 in
1269 645 1438 693 limine
1476 642 1663 708 latrat',
1693 642 1711 711 ΙΙ

116 762 172 810 in
209 778 340 810 nona
386 778 505 810 uero
547 763 723 826 egloga
761 762 849 809 ubi
887 762 1026 810 dicit:
1082 758 1159 811 ‘de
1199 764 1335 811 caelo
1380 766 1541 812 tactas
1586 763 1789 812 memini
1801 775 1892 818 739

118 837 401 898 praedicere
419 832 661 898 quercus',
688 833 780 898 [et]
804 836 1004 884 iterum:
1030 832 1156 899 ‘lupi
1170 837 1376 886 Moerim
1399 838 1565 885 uidere
1581 833 1803 900 priores’.

119 910 316 958 Primus
355 926 472 958 uero
504 910 848 974 georgicorum
879 913 953 958 est
984 911 1141 959 omnis
1181 912 1460 975 astrologus
1501 915 1550 959 et
1578 912 1632 959 in
1662 914 1804 974 parte

55 1001 97 1032 10
120 987 370 1047 postrema
417 984 756 1046 eufemeticus‚
803 985 1043 1032 secundus
1092 985 1512 1049 phisiognomicus
1559 988 1609 1034 et
1652 986 1803 1033 medi-

120 1059 307 1120 cinalis,
346 1058 522 1106 tertius
563 1059 719 1106 omnis
760 1058 1091 1120 aruspicinam
1129 1059 1361 1121 continet,
1415 1075 1566 1121 quam
1605 1059 1806 1122 quidem

120 1135 169 1180 et
206 1133 259 1180 in
298 1135 434 1180 sexto
474 1132 657 1195 tetigit,
699 1132 816 1179 dum
854 1132 995 1180 dicit:

269 1231 356 1283 ‘Et
394 1251 610 1283 summas
649 1251 853 1297 carpens
891 1236 1053 1283 media
1089 1236 1222 1284 inter
1259 1252 1445 1285 cornua
1484 1239 1615 1284 setas

266 1309 465 1373 ignibus
502 1309 699 1371 inponit
737 1310 888 1357 sacris
925 1310 1163 1358 libamina
1200 1306 1401 1372 prima’3

55 1444 96 1476 15
122 1431 334 1491 quartus
380 1445 498 1477 uero
545 1428 608 1475 ad
652 1428 993 1491 plenissimam
1036 1428 1280 1477 rationem
1326 1431 1401 1476 est
1438 1428 1655 1477 musicus
1694 1445 1806 1477 311111

121 1519 210 1551 3113
250 1502 648 1564 apotelesmatice
687 1503 741 1549 in
778 1502 873 1550 fine
914 1502 1145 1550 carminis
1184 1502 1329 1550 dicta.

230 1577 364 1639 Ergo
425 1575 701 1624 doctrinam
753 1576 1144 1623 mediocritatem
1203 1576 1439 1638 temporis
1493 1576 1805 1639 excedentem

123 1650 393 1710 omisimus,
427 1666 502 1710 ne,
536 1649 653 1696 dum
685 1649 797 1711 quis
827 1650 1026 1697 laudem
1058 1650 1252 1711 quaerit
1282 1649 1507 1711 nominis,
1545 1650 1805 1714 fiagumen

124 1723 376 1786 repperiat
414 1722 604 1784 capitis.
674 1723 796 1771 Esto
829 1739 943 1786 ergo
977 1726 1250 1785 contentus,
1281 1723 1351 1770 mi
1381 1723 1590 1785 domine⁷
1627 1723 1806 1773 leuiori

58 1814 101 1845 20
126 1797 360 1846 fasciculo
415 1813 563 1858 quem
621 1796 716 1844 tibi
767 1796 1096 1858 Hesperidum
1149 1796 1422 1844 florulentis
1476 1797 1804 1859 decerpsimus

122 1871 356 1932 hortulis3
404 1886 556 1918 aurea
595 1870 726 1917 enim
763 1871 897 1918 mala
936 1870 979 1918 si
1017 1871 1225 1932 expetis,
1265 1873 1369 1918 esto
1407 1870 1663 1919 Euristeus
1703 1871 1802 1919 alio

123 1945 340 2007 fortiori,
395 1944 482 2006 qui
525 1947 582 1992 ut
626 1944 824 1992 Alcides
871 1959 1011 1992 suam
1055 1961 1144 2006 pro
1191 1944 1345 1992 nihilo
1390 1947 1587 2006 reputet
1630 1945 1803 1994 uitam.

243 2107 376 2158 4sqq.
407 2099 545 2157 Verg.
578 2099 662 2143 ecl.
686 2099 794 2142 VIII
826 2103 909 2142 105
924 2113 1022 2155 sqq.
1047 2101 1090 2155 (6
1123 2101 1264 2156 certe)
1385 2104 1409 2142 7
1433 2099 1569 2158 Verg.
1595 2099 1678 2144 ecl.
1703 2099 1725 2143 I
1749 2104 1804 2144 17

184 2164 211 2204 8
242 2160 382 2217 Verg.
414 2158 497 2204 331.
529 2158 593 2201 IX
624 2163 680 2202 54
814 2163 867 2201 13
898 2172 961 2215 sq.
992 2159 1105 2203 Aen.
1129 2158 1193 2202 V1
1223 2163 1309 2202 245
1325 2173 1392 2215 sq.
1469 2211 1473 2213 Α

245 2312 271 2350 2
311 2306 548 2350 efenuesin
580 2306 683 2351 PU
729 2305 1011 2350 effenuesion
1046 2305 1089 2350 G
1141 2305 1410 2350 efenuesion
1447 2323 1483 2349 ω
1536 2304 1806 2350 efeneusion

127 2368 274 2410 deterr
313 2362 605 2422 εὐφημισμόν
645 2367 710 2410 ed.
753 2365 865 2409 Gen.
904 2379 971 2409 em
1001 2365 1076 2409 He
1202 2365 1393 2422 aegleca
1423 2365 1470 2409 R
1485 2365 1531 2410 U
1570 2364 1732 2422 egleca.
1762 2364 1810 2408 Ρ

128 2425 343 2481 eclogaI
449 2429 479 2467 4
510 2423 700 2480 adspice
717 2424 763 2468 R
801 2423 1056 2481 aspiciteL
1169 2429 1195 2468 6
1227 2425 1350 2468 certe
1374 2425 1410 2468 I
1418 2424 1511 2469 UG
1541 2425 1599 2478 cf.
1619 2438 1667 2479 p.
1685 2426 1807 2478 93,6

189 2487 215 2526 8
263 2485 311 2527 et
354 2482 524 2527 iterum
568 2484 619 2527 D
723 2482 982 2538 iterumque
1027 2483 1063 2526 I
1202 2496 1379 2538 merym
1417 2483 1468 2526 E
1514 2481 1678 2526 merim
1707 2481 1805 2527 LG

188 2547 245 2585 10
278 2541 530 2586 efemuicus
562 2558 594 2584 α
684 2541 954 2586 efemericus
978 2541 1029 2584 E
1063 2540 1347 2585 effemericus
1367 2542 1418 2586 G
1453 2537 1707 2596 εὐφημικός
1735 2540 1802 2584 ed.

133 2602 244 2646 Gen.
277 2615 343 2644 em
373 2601 448 2644 He
597 2605 649 2644 11
697 2614 880 2644 omnem
917 2600 963 2645 U
965 2600 992 2658 β
1141 2604 1197 2642 13
1241 2613 1476 2643 summane
1507 2599 1603 2643 PR
1619 2599 1665 2644 U
1710 2599 1805 2654 (sed

128 2674 184 2703 ns
231 2661 347 2715 eras)
397 2672 577 2702 3111111113
616 2660 666 2703 Ε
723 2673 855 2702 suma
893 2660 937 2703 L
1107 2663 1162 2701 16
1210 2657 1606 2715 apotelesmaticie
1642 2658 1679 2700 I
1691 2657 1737 2702 U

132 2723 188 2762 18
232 2718 447 2776 fragmen
478 2719 525 2761 D
584 2718 700 2775 yloss
736 2719 912 2775 frgi-sitsi
949 2717 1129 2774 (figffitfi
1160 2717 1220 2774 L)
1265 2719 1283 2760 1
1327 2715 1589 2773 fragilitate
1634 2715 1802 2760 mentis

139 2777 230 2822 UL
379 2781 434 2820 19
466 2778 710 2833 reppereat
734 2777 836 2820 RD
879 2776 1082 2834 reperiat
1099 2776 1142 2820 G-
1261 2776 1408 2820 estote
1428 2774 1477 2818 D
1592 2773 1659 2818 mi
1696 2788 1806 2827 con-

129 2852 288 2895 tentus
328 2850 417 2894 dne
441 2851 469 2910 β
587 2854 642 2892 21
677 2850 841 2894 ortulis
865 2850 959 2895 GL
1077 2855 1132 2892 22
1163 2851 1218 2893 1113
1245 2849 1407 2893 laudes
1439 2861 1572 2891 suam
1601 2849 1747 2893 deterr

131 2909 308 2954 nichilo
338 2909 374 2953 Ι
