1976 3120
262 95 368 148 146
883 98 961 142 DE
994 97 1331 144 AETATIBUS

106 172 252 266 αὸεεῗὲ
262 223 495 271 cubitum.
549 223 654 271 Aut
687 223 807 285 quid
837 223 1083 285 pluribus:
1117 196 1325 271 duarum
1350 225 1613 288 coniugum
1634 227 1945 291 litigantium

259 298 491 346 scandalo
554 298 728 360 duplas
790 299 1132 344 matronarum
1191 298 1298 345 rixa
1357 300 1568 363 porrigit
1627 301 1945 365 concubinas,

263 388 473 433 quarum
525 375 701 434 partus
756 388 868 419 cum
921 371 1231 419 naturalibus
1284 372 1399 420 filiis
1450 373 1609 422 socius
1656 376 1944 438 adoptatur.

261 444 458 502 Quanto
490 446 662 493 liuoris
694 446 855 494 toxico
887 445 1104 492 humana
1130 446 1483 510 constringitur
1505 449 1705 510 captiua
1734 452 1938 511 natura3

214 536 235 569 5
258 522 319 567 ut
358 536 494 568 soror
533 520 689 568 sorori
727 520 844 566 dum
882 522 1030 581 parat
1066 520 1323 582 inuidiam,
1364 521 1594 569 ancillam
1631 523 1724 571 sibi
1754 524 1943 572 sociam

253 594 436 642 maluit
475 610 626 656 quam
663 596 955 641 matronam.

403 667 658 724 Quomodo
704 668 862 731 igitur
906 667 986 715 hic
1030 667 1202 714 mundi
1244 669 1361 717 ordo
1409 669 1619 719 hominis
1665 671 1941 721 similitudo

253 742 342 803 sit,
381 742 742 804 conquiramus.
815 741 1189 804 Numquidnam
1227 759 1326 791 non
1363 744 1566 806 propria
1602 745 1655 792 in
1692 745 1769 793 his
1808 746 1940 795 ordi-

254 816 398 864 nibus
443 816 617 863 mundi
661 816 827 878 imago
873 818 1194 877 monstratur,
1242 816 1360 864 dum
1405 817 1458 865 in
1502 818 1595 865 Lia
1643 821 1937 868 matronalis

187 907 230 939 10
253 890 463 951 inuidia,
514 891 630 937 dum
671 890 724 937 in
760 890 966 952 pulchra
1005 890 1218 937 casualis
1257 891 1480 953 fortuna,
1529 892 1645 939 dum
1689 893 1743 940 in
1786 894 1935 942 Iacob

250 965 382 1012 liuor
438 964 669 1026 fratrum,
733 964 849 1010 dum
901 964 953 1010 in
1006 963 1182 1011 maiori
1245 965 1494 1026 quoddam
1546 966 1830 1029 fortuitum3
1881 968 1937 1015 in

250 1039 339 1087 Iob
384 1038 670 1100 passionum
715 1038 897 1085 indicia
945 1053 1000 1085 ac
1046 1038 1219 1085 futura
1266 1054 1467 1101 corona,
1512 1040 1565 1087 in
1610 1041 1758 1089 Iacob
1803 1057 1933 1091 com-

250 1113 411 1159 munis
450 1112 706 1160 hominum
744 1112 865 1172 uita,
905 1111 1020 1158 dum
1060 1111 1443 1161 concubinarum
1481 1115 1638 1163 amori
1675 1131 1774 1163 non
1818 1131 1932 1178 par·

250 1186 399 1247 citur,
453 1186 569 1233 dum
614 1186 778 1233 uxoris
825 1186 1168 1247 uoluptatibus
1224 1186 1508 1235 famulatur.
1591 1188 1726 1237 Nota
1777 1189 1942 1253 igitur

187 1277 228 1309 15
254 1260 387 1322 quod
447 1260 500 1307 in
556 1260 736 1307 mundo
791 1275 918 1307 unus
972 1260 1177 1321 pulchro
1232 1261 1440 1309 sortitur
1493 1262 1743 1326 coniugio,
1804 1263 1936 1312 alius

250 1334 516 1382 horridiori
554 1334 820 1381 damnatur
858 1334 1124 1395 consorti03
1171 1334 1274 1382 illic
1310 1335 1525 1383 filiorum
1562 1337 1726 1400 gratia
1762 1336 1937 1387 diuino

250 1407 492 1456 tribuitur
545 1408 812 1469 aliquando
867 1408 1058 1456 solatio.
1145 1407 1318 1456 Subito
1370 1409 1560 1457 iustum
1606 1411 1752 1458 malis
1797 1411 1933 1459 dam-

253 1484 430 1529 natum
477 1482 824 1544 conspicimus,
879 1481 1043 1530 subito
1090 1482 1301 1544 impium
1343 1483 1484 1531 bonis
1545 1481 1777 1547 [diuitiis]
1831 1498 1934 1533 am-

178 1569 237 1608 19
254 1557 470 1618 pliatum
499 1558 750 1618 notamus3
784 1556 1054 1617 aliquando
1086 1556 1300 1605 infimior
1328 1557 1380 1604 in
1411 1557 1571 1605 altum
1605 1553 1611 1621 Ι
1645 1558 1936 1622 porrigitur,

188 1647 230 1678 20
254 1629 522 1691 aliquando
577 1630 799 1677 sublimis
852 1631 967 1691 post
1019 1630 1234 1677 tumidas
1288 1646 1493 1692 pompas
1539 1633 1818 1693 prostratus
1868 1631 1931 1680 ab

253 1704 479 1752 omnibus
526 1704 858 1751 conculcatur.
945 1703 1021 1750 Sit
1074 1704 1178 1752 solo
1227 1704 1422 1752 domino
1476 1705 1607 1766 laus,
1660 1705 1931 1754 incommu-

248 1777 394 1825 tabili
437 1777 588 1838 bono3
635 1792 750 1824 nam
795 1777 1078 1824 humanitas
1117 1793 1215 1825 non
1254 1778 1396 1826 nouit
1432 1778 1571 1826 unito
1611 1779 1778 1828 sortiri
1818 1795 1933 1842 pro·

247 1852 423 1914 posito.

1047 1939 1132 1986 VI.

91 2054 185 2085 abest
205 2054 239 2084 F
361 2043 495 2092 Pone
533 2058 664 2090 nunc
702 2044 891 2090 sextam
918 2042 1093 2089 mundi
1130 2044 1346 2091 aetatem
1383 2043 1498 2090 libri
1529 2042 1932 2093 delimationibus

183 2135 226 2167 26
251 2117 628 2178 terminandam,
669 2131 796 2178 quae
837 2118 886 2163 et
925 2116 1204 2164 diuinitatis
1242 2117 1526 2165 testimonio
1566 2117 1848 2166 declaratur
1877 2120 1928 2166 et

248 2191 573 2238 humanitatis
618 2190 924 2251 plenitudine
971 2190 1210 2253 pingitur.
1285 2191 1345 2237 In
1391 2190 1483 2239 hoc
1523 2191 1671 2238 enim.
1689 2191 1927 2254 temporis

247 2267 461 2312 scemate
503 2263 727 2312 Christus
775 2267 944 2311 noster
982 2279 1219 2325 apparere
1259 2264 1492 2327 dignatus
1532 2266 1606 2312 est
1647 2267 1926 2314 monstrans

366 2409 391 2446 2
415 2418 504 2460 sqq.
538 2405 595 2458 cf.
622 2403 732 2448 Gen.
759 2409 829 2460 30,
847 2409 886 2449 3.
906 2408 931 2446 9

367 2541 389 2579 1
425 2538 508 2579 aut
538 2536 618 2592 qui
641 2536 734 2581 RS
858 2541 883 2579 3
915 2536 1038 2580 filius
1063 2537 1109 2580 P
1136 2538 1221 2590 (em
1249 2552 1306 2582 m.
1338 2540 1440 2594 rec.)
1568 2541 1594 2581 5
1627 2535 1800 2580 ancilla
1821 2536 1869 2580 P

248 2600 274 2638 6
305 2595 634 2639 matrimonam
658 2596 703 2639 P
813 2600 868 2638 10
899 2595 1094 2652 pulchra
1120 2617 1174 2632 =
1198 2596 1347 2640 Rahez
1453 2601 1505 2639 11
1538 2595 1687 2639 maior
1709 2617 1766 2632 =
1790 2595 1927 2640 Esau-

306 2654 542 2710 quoddam
566 2655 623 2713 P1
676 2654 902 2709 quiddam
932 2672 967 2698 ω
1118 2658 1171 2697 12
1210 2654 1348 2698 Iacob
1381 2654 1459 2699 Ηο
1612 2658 1666 2697 15
1709 2653 1926 2709 aliusque

245 2712 283 2757 S
325 2711 445 2756 alius
476 2712 558 2768 qui
581 2714 625 2757 R
755 2717 808 2756 16
843 2713 1124 2771 dampnatur
1145 2712 1237 2757 RS
1360 2717 1414 2756 17
1447 2713 1752 2770 dampnatum
1773 2711 1866 2757 RS

247 2775 301 2816 18
336 2771 514 2815 diuitiis
546 2773 618 2816 del
650 2772 723 2816 He
866 2777 920 2816 19
952 2771 1176 2816 infirmior
1206 2771 1243 2816 S
1377 2777 1429 2815 21
1463 2771 1551 2815 soli
1582 2771 1619 2816 S
1732 2770 1792 2814 do
1822 2768 1925 2816 PR

245 2831 337 2875 dno
363 2831 400 2875 S
426 2845 491 2874 an
514 2831 562 2873 F
561 2832 653 2889 αῖς).
679 2845 704 2875 e
727 2833 890 2876 vitasse
913 2832 1003 2876 sibi
1022 2832 1146 2876 visus
1169 2836 1233 2875 est
1252 2831 1484 2875 scribendo
1508 2829 1602 2875 do?
1717 2833 1772 2873 25
1806 2828 1924 2874 deli-

243 2889 542 2934 neat-,ionibus
567 2890 644 2935 Ηο
774 2894 828 2933 28
858 2890 1093 2934 schemate
1117 2889 1194 2934 Ηο
1902 2920 1904 2923 -
