1976 3120
0 903 5 944 1

130 226 350 276 discatur
410 225 644 274 studium.
720 225 933 273 Ramum
996 224 1126 272 enim
1186 239 1393 272 aureum
1454 240 1543 286 pro
1607 223 1812 273 scientia

767 97 1181 144 CONTINENTIA
1740 100 1807 152 97

1832 176 1887 210 St.

129 299 387 365 posuimus
430 315 670 348 memores
716 299 836 362 quia
890 302 940 347 et
983 300 1143 347 mater
1186 313 1298 346 mea
1347 313 1542 346 ramum
1588 313 1638 346 se
1686 314 1811 347 som-

129 374 238 423 niat
282 373 510 438 genuisse
559 376 608 422 et
645 374 826 437 Apollo
866 389 979 422 cum
1016 389 1154 422 ramo
1194 371 1500 436 depingitur3
1547 387 1663 420 nam
1700 372 1811 421 ideo

129 451 181 497 et
216 464 386 496 ramus
424 448 587 496 dictus
626 450 701 496 est
738 464 833 511 apo
871 451 947 496 tes
978 447 1249 511 rapsodias,
1286 446 1339 494 id
1378 448 1452 495 est
1482 462 1512 494 a
1552 446 1811 510 scriptura,

129 522 257 572 sicut
301 523 557 571 Dionisius
609 522 662 570 in
709 521 875 570 Grecis
929 521 1363 570 articulationibus
1412 523 1666 569 memorat.
1742 522 1813 569 At
1836 539 1857 572 5

128 613 248 645 uero
288 613 495 645 aureum
527 596 660 659 quod
692 596 919 658 diximus,
951 596 1231 644 claritatem
1261 595 1522 644 facundiae
1554 595 1813 659 designare

127 671 380 719 uoluimus
417 686 657 719 memores
694 671 919 719 Platonis
958 670 1269 733 sententiam,
1309 669 1449 718 cuius
1487 670 1814 718 hereditatem

127 745 375 808 Diogenes
423 744 621 793 Cinieus
666 745 907 793 inuadens
954 744 1077 792 nihil
1115 744 1187 792 ibi
1234 745 1349 807 plus
1395 740 1564 810 <nisi>
1609 759 1814 792 auream

39 826 131 874 155
142 819 367 883 linguam
396 819 604 881 inuenit,
637 822 697 868 ut
719 819 1011 867 Tiberianus
1041 819 1094 866 in
1124 819 1249 866 libro
1286 814 1292 884 Ι
1327 818 1386 866 de
1416 814 1572 884 <deo>
1596 819 1814 868 Socratis

127 896 382 942 memorat.
443 894 575 941 Nam
605 896 656 941 et
685 909 774 942 nos
805 893 858 941 in
889 893 1125 942 bucolicis
1155 893 1265 941 ideo
1296 893 1430 941 mala
1463 909 1615 941 aurea
1646 893 1814 941 decem
1837 911 1880 943 10

126 968 398 1031 posuimuS,
446 968 634 1016 scilicet
672 967 840 1016 decem
885 968 1175 1031 eglogarum
1219 967 1431 1030 politam
1469 960 1815 1036 facundiam311

126 1058 244 1090 nam
275 1044 326 1090 et
355 1041 594 1090 Hercules
633 1058 786 1090 aurea
824 1043 957 1089 mala
997 1042 1056 1089 de
1093 1043 1236 1090 horto
1275 1041 1607 1104 Hesperidum
1637 1042 1902 1103 tollit3‘755

129 1118 369 1178 quattuor
407 1116 535 1164 enim
575 1115 838 1179 Esperides
878 1116 1038 1164 dictae
1078 1119 1216 1179 sunt,
1263 1115 1316 1163 id
1354 1118 1429 1164 est
1465 1117 1604 1179 Egle,
1642 1117 1813 1179 Esper,

127 1190 337 1239 Medusa
375 1193 426 1238 et
463 1191 692 1252 Aretusa,
732 1205 856 1253 quas
895 1205 985 1238 nos
1021 1189 1199 1238 Latine
1239 1190 1475 1254 studium,
1513 1190 1813 1253 intellectus,

126 1263 366 1312 memoria
404 1266 454 1312 et
498 1264 733 1312 facundia
780 1264 1008 1327 dicimus,
1057 1265 1190 1327 quod
1234 1264 1451 1326 primum
1498 1264 1564 1313 sit
1603 1264 1812 1327 studere,
1838 1281 1881 1314 15

130 1338 401 1387 secundum
445 1338 754 1402 intellegere,
808 1339 1014 1387 tertium
1058 1339 1322 1386 memorari
1372 1339 1505 1401 quod
1548 1339 1814 1402 intellegis,

127 1412 243 1460 inde
281 1427 456 1460 ornare
503 1412 707 1460 dicendo
749 1413 883 1475 quod
919 1413 1170 1461 terminas.
1246 1413 1377 1461 Hinc
1426 1428 1542 1477 ergo
1582 1415 1815 1461 ornatum

129 1502 338 1534 aureum
385 1486 537 1535 studii
583 1487 746 1535 uirtus
792 1483 959 1550 rapit’.
1038 1486 1132 1536 Cui
1170 1502 1284 1550 ego:
1338 1487 1547 1549 Uerum,
1593 1487 1814 1549 inquam,

131 1559 275 1622 dicis,
320 1561 459 1608 Maro
514 1560 815 1623 doctissime,
868 1578 1027 1624 nuper
1081 1561 1211 1609 enim
1256 1577 1334 1609 me
1381 1561 1581 1610 diuinae
1632 1562 1814 1610 storiae

128 1634 367 1683 memoria
411 1634 594 1698 tetigit,
643 1651 770 1697 quae
810 1634 883 1683 ait
921 1652 979 1683 ex
1029 1636 1344 1683 anathemate
1384 1635 1672 1699 subreptam
1711 1651 1814 1684 esse
1838 1654 1882 1686 20

129 1709 354 1773 linguam
392 1723 595 1756 auream
633 1711 683 1757 et
721 1709 970 1757 dextraria
1007 1725 1147 1772 pura,
1186 1709 1507 1758 nihilominus
1547 1726 1605 1758 ex
1636 1709 1815 1774 gentili

129 1782 365 1832 facundia
402 1783 635 1846 fugatum
674 1782 936 1845 eloquium.
1013 1784 1252 1832 Attamen
1300 1799 1415 1847 ergo
1455 1799 1583 1846 quae
1623 1786 1815 1832 restant

250 1943 276 1983 2
309 1940 367 1995 cf.
399 1938 575 1983 Donati
603 1938 706 1983 uita
736 1938 874 1996 Verg.
909 1938 1115 1996 (Sueton.
1147 1940 1219 1984 ed.
1245 1939 1595 1998 Reifferscheid)
1626 1956 1670 1998 p.
1698 1944 1753 1984 55

38 2047 46 2059 ‚
130 2003 158 2042 9
189 2012 229 2044 v.
253 1998 381 2043 Poet.
406 1998 507 2043 Lat.
532 1997 642 2043 min.
669 1999 740 2043 ed.
765 1954 1000 2043 Baehrens
1025 1999 1088 2042 111
1119 2014 1165 2057 p.
1191 2003 1276 2043 269
1405 2004 1461 2043 20
1493 2001 1549 2055 cf.
1576 2000 1663 2044 Ios.
1690 2004 1732 2057 7,
1757 2003 1811 2043 21

251 2136 275 2175 1
321 2131 474 2176 diseat
504 2131 605 2175 EG
710 2144 902 2175 aureum
947 2131 1070 2176 enim
1115 2145 1296 2175 ramum
1328 2133 1356 2191 β
1491 2137 1516 2175 2
1562 2132 1814 2177 somniauit

131 2189 232 2235 EL
379 2195 406 2234 3
438 2190 510 2248 Ap
511 2189 638 2248 pollo
664 2190 710 2235 R
856 2195 884 2233 4
914 2190 1114 2234 rabdos?
1138 2191 1213 2236 He
1329 2205 1419 2248 apo
1457 2192 1527 2235 tes
1566 2191 1813 2250 rapeodias

132 2250 179 2294 R
233 2262 322 2307 apo
352 2251 423 2294 tes
454 2262 540 2307 rap
511 2206 701 2294 peodias
726 2250 811 2293 ΡΙ
813 2250 923 2294 DU
971 2251 1131 2307 apotes
1163 2263 1326 2317 rapere
1361 2250 1520 2294 eodias
1545 2251 1601 2295 H
1649 2253 1813 2307 apotes

131 2321 218 2365 rap
220 2321 295 2352 ere
326 2308 458 2353 odias
490 2265 540 2368 βΡ
559 2305 803 2368 ῥαψῳδίας
832 2309 918 2354 edd
1008 2308 1068 2352 ab
1100 2308 1222 2367 scrip
1223 2311 1331 2353 tura
1346 2309 1459 2354 RH
1469 2310 1514 2355 U
1643 2314 1668 2353 5
1701 2310 1814 2354 arti-

131 2367 390 2412 lationibus
413 2368 503 2413 RI
519 2373 561 2412 et
583 2368 628 2413 U
647 2354 877 2424 (suprascr
900 2369 974 2425 cu)
1096 2372 1120 2411 7
1154 2368 1388 2412 sententia
1408 2369 1514 2428 HI
1553 2369 1813 2414 sententiae

130 2427 270 2530 ΗΕΒ
392 2430 442 2530 89
450 2425 543 2529 ndi}
562 2428 1115 2546 xdeeterchggieHa?
1141 2428 1392 2531 Μεοοιᾷἕ
1395 2487 1445 2530 E
1451 2441 1729 2532 Laugggrate
1759 2442 1816 2533 ez

130 2544 327 2589 socratis
343 2546 380 2589 I
403 2546 607 2598 socrates
631 2546 703 2603 (m.
720 2560 805 2591 rec.
822 2547 940 2602 emp.)
957 2545 1007 2589 D
1122 2550 1178 2589 10
1209 2545 1369 2591 decem
1391 2546 1519 2590 mala
1546 2560 1687 2592 aurea
1713 2548 1816 2593 EG

191 2607 246 2648 12
277 2618 388 2648 nam
419 2606 467 2648 et
497 2618 566 2649 om
594 2605 636 2650 G
741 2610 794 2649 13
827 2605 1028 2661 quatuor
1050 2604 1097 2650 R
1114 2605 1263 2651 UDG
1302 2606 1594 2661 quattuor—
1612 2606 1814 2651 Aretusa

131 2675 204 2708 om
227 2663 277 2707 Ε
393 2663 627 2722 esperides
652 2664 808 2710 PRU
855 2664 970 2721 hesp
973 2689 989 2696 -
1021 2681 1056 2707 ω
1176 2677 1200 2708 e
1202 2663 1280 2722 glo
1305 2665 1408 2710 DL
1559 2670 1614 2709 14
1652 2666 1813 2709 medu-

132 2723 344 2766 saretuea
375 2723 420 2766 L
465 2725 648 2768 eretusa
679 2723 819 2782 α[Η]
865 2723 1061 2768 eredusa
1086 2723 1130 2769 G
1202 2679 1510 2768 gintellectum
1540 2724 1815 2769 memoriam

132 2779 403 2849 facundiam
432 2783 578 2828 deterr-
737 2787 791 2827 17
832 2782 988 2827 ornari
1022 2782 1064 2828 G
1181 2783 1306 2839 quod
1359 2785 1570 2828 tenemus
1610 2785 1757 2830 deterr

814 2915 868 2945 ca
923 2915 970 2944 m
1274 2916 1327 2946 ra
1349 2916 1429 2946 um
1533 2917 1606 2948 err

220 2980 483 3016 rumentum
507 2982 565 3016 ed.
588 2982 627 3015 Η
635 2992 655 3015 e
664 2983 677 3015 l
686 2993 736 3015 ιιι.
1521 2980 1544 3019 7
