1976 3120
227 81 333 133 160
520 56 523 58 ’
849 82 930 127 DE
961 81 1299 128 AETATIBUS

159 157 198 188 H

60 217 210 249 abeetH
221 207 475 255 cultricem
504 206 729 270 reginam
759 207 995 270 inueitur,
1028 210 1079 256 et
1100 209 1315 271 porcinis
1341 208 1583 258 deuorata
1604 209 1904 258 mandibulis

216 280 270 328 in
309 279 497 329 stabuli
534 281 844 343 sterquilinio
886 282 1106 344 dispersa
1143 283 1454 345 perspicitur.

329 355 463 418 Ergo
498 355 617 417 quia
647 372 821 419 regum
853 356 1074 403 omnium
1103 356 1495 419 subsequentum
1531 357 1752 406 facinora
1789 357 1905 406 libri

217 429 419 477 modum
465 429 725 491 excedunt,
775 446 833 477 ex
879 445 936 477 ac
973 445 1243 492 paruarum
1281 446 1543 479 causarum
1581 431 1904 480 similitudine

175 520 195 553 5
219 503 331 566 quis
362 519 462 552 non
492 519 699 552 umanos
732 506 872 551 actus
897 503 1186 566 consideret,
1219 507 1464 567 quantum
1492 507 1542 552 et
1563 507 1906 554 remuneretur

217 577 414 626 bonitas
475 580 525 625 et
586 577 975 640 condempnetur
1026 578 1233 626 malitia.
1325 579 1457 626 Illud
1518 594 1633 642 ergo
1696 579 1906 642 quilibet

222 651 419 714 efficiat,
458 651 594 714 quod
632 667 682 699 se
722 652 774 698 in
812 654 1024 714 utroque
1062 655 1416 715 percepturum
1455 654 1633 715 sperat.
1669 648 1676 718 Ι

151 781 212 822 33
1021 771 1104 818 ΙΧ.

59 862 156 894 abeat
176 862 202 894 Ι
332 851 550 913 Sequens
590 867 756 899 rerum
794 854 1048 915 gestarum
1087 853 1205 901 ordo
1238 853 1521 915 expostulat
1555 854 1734 901 causae
1765 853 1903 902 teno-

153 943 195 975 10
217 942 322 972 rem
360 941 458 973 non
496 925 698 987 perdere
738 927 933 975 saeculo
980 943 1111 974 nunc
1158 943 1318 989 usque
1358 929 1584 974 currente
1624 928 1902 987 seruatum3

218 1015 334 1047 nam
380 1001 430 1047 et
474 1000 607 1047 ultra
657 1000 891 1048 excedens
938 1001 1259 1064 quadragena
1298 1003 1434 1048 aetas
1474 1003 1756 1050 nostrorum
1793 1016 1901 1048 uer-

217 1073 396 1122 borum
440 1074 671 1122 uolumen
719 1076 984 1136 exspectat,
1036 1091 1131 1136 quo
1172 1091 1290 1122 suae
1331 1090 1508 1122 causae
1554 1077 1744 1122 termen
1789 1090 1902 1123 con-

219 1147 413 1195 clusum
444 1147 740 1211 adgaudeat.
806 1146 1013 1210 Oportet
1037 1165 1153 1212 ergo
1178 1164 1266 1197 nos
1297 1149 1390 1197 hoc
1419 1151 1614 1210 tempus
1647 1163 1902 1211 exponere,

219 1237 316 1283 quo
361 1237 511 1283 penes
557 1221 777 1270 Hebreos
823 1222 1239 1271 Machabaeorum
1285 1222 1466 1270 ducum
1513 1221 1778 1285 gerebatur
1823 1237 1901 1269 ex·
1962 1244 1965 1246 ·

152 1312 195 1345 15
220 1310 404 1343 cursus.
458 1295 669 1343 Gemens
694 1312 908 1358 namque
925 1297 1061 1344 Deus
1085 1299 1401 1359 peccatorum
1422 1296 1694 1358 perfectam
1714 1296 1902 1359 populo

220 1369 479 1417 oberrante
510 1386 806 1432 mensuram,
839 1370 957 1417 dum
988 1369 1199 1418 Gezabel
1233 1371 1458 1419 lucorum
1488 1370 1763 1418 sacerdotes
1794 1369 1900 1418 Deo

218 1445 545 1505 praeponeret
592 1446 642 1492 et
679 1444 931 1492 Manasses
977 1445 1230 1493 mordaces
1278 1460 1440 1492 serrae
1484 1443 1652 1492 dentes
1691 1443 1901 1506 prophe-

218 1519 387 1564 tarum
432 1533 635 1579 corpore
683 1520 965 1566 cruentaret
1011 1521 1062 1566 et
1106 1519 1292 1580 templo
1339 1535 1439 1566 non
1493 1517 1698 1566 deorum
1752 1533 1902 1580 quam

220 1590 483 1639 demonum
520 1592 702 1640 formas
742 1592 1021 1654 adduceret,
1059 1593 1224 1641 furore
1264 1607 1522 1640 succensus
1556 1593 1772 1640 extorres
1810 1606 1899 1639 suo

154 1683 197 1714 20
219 1681 371 1728 regno
421 1666 682 1727 propulsat
720 1666 954 1727 Hebreos,
1003 1669 1052 1713 et
1099 1682 1197 1728 quo
1236 1665 1381 1714 modo
1421 1667 1612 1713 exteros
1655 1664 1772 1713 deos
1811 1664 1900 1712 ad-

221 1738 429 1786 orandos
470 1742 790 1801 optauerant,
837 1756 1103 1802 regnorum
1144 1755 1343 1801 quoque
1383 1741 1697 1787 externorum
1735 1738 1899 1786 exules

221 1812 427 1876 angulos
460 1811 768 1861 oberrabant.
830 1813 1057 1875 Namque
1088 1813 1418 1860 Nabuzardan
1450 1827 1722 1874 coquorum
1759 1828 1899 1874 prae-

220 1886 393 1948 fectus,
428 1902 522 1948 quo
546 1902 690 1950 mage
716 1886 1180 1948 exprobramentum
1211 1889 1338 1934 esset
1367 1902 1564 1949 pugnae
1589 1901 1646 1933 ac
1677 1885 1899 1948 dedecus,

220 1963 280 2008 ut
325 1975 463 2007 sacer
507 1961 722 2023 populus
768 1976 1061 2024 magnorum
1105 1976 1371 2024 regnorum
1416 1960 1634 2008 excelsus
1687 1975 1900 2022 coquum

154 2052 197 2085 25
219 2036 527 2096 pugnantem
579 2050 678 2082 non
729 2037 896 2096 posset
949 2035 1076 2082 ferre
1130 2034 1426 2095 substratus,
1478 2060 1547 2066 —
1598 2034 1729 2081 hunc
1782 2049 1899 2097 ergo

146 2108 674 2165 34KNabuchodonosor
720 2111 911 2156 armato
957 2123 1264 2170 praeponens
1311 2123 1514 2155 numero
1550 2102 1556 2170 Ι
1590 2123 1758 2170 regem
1801 2107 1900 2155 He-

220 2182 395 2229 breum
440 2183 696 2230 oculorum
742 2183 915 2231 decore
962 2182 1252 2229 fraudatum
1297 2182 1525 2243 ferroque
1572 2197 1752 2229 nexum
1789 2196 1902 2229 cum

341 2292 363 2330 1
389 2301 451 2344 sq.
483 2288 540 2342 cf.
572 2287 614 2329 ΙΙ
637 2287 751 2342 Reg.
778 2291 803 2329 9
927 2291 979 2330 17
1006 2287 1063 2341 cf.
1095 2285 1138 2328 II
1161 2285 1274 2342 Reg.
1301 2289 1354 2328 21
1389 2283 1611 2328 Ascensio
1641 2283 1794 2328 Isaiae
1826 2283 1899 2329 ed.

222 2345 462 2389 Dillmann
491 2361 536 2402 p.
560 2345 667 2389 XVI
683 2345 805 2390 Tert.
824 2345 882 2388 de
904 2347 1001 2402 pat.
1022 2349 1077 2387 14
1161 2349 1215 2387 22
1240 2358 1330 2401 sqq.
1362 2344 1405 2387 II
1428 2343 1542 2400 Reg.
1569 2347 1623 2387 25
1664 2343 1824 2388 Ierem.
1842 2347 1897 2387 39

343 2455 365 2491 1
384 2449 621 2492 inuehitur
632 2449 717 2493 RS
773 2448 1045 2492 deuoratam
1062 2464 1095 2490 ω
1112 2462 1178 2491 em
1190 2447 1264 2492 He
1325 2451 1350 2490 2
1374 2445 1705 2504 prospiciturS
1758 2451 1787 2489 4
1810 2445 1900 2490 hac

222 2508 314 2552 RS
401 2512 427 2550 5
459 2508 685 2551 humanos
710 2508 800 2552 RS
888 2512 941 2550 12
971 2507 1187 2563 expectat
1209 2506 1255 2550 R
1314 2505 1563 2549 terminum
1587 2505 1624 2550 S
1710 2509 1764 2548 15
1794 2506 1897 2561 per-

221 2566 347 2610 fecta
363 2567 452 2611 PR
552 2571 606 2609 16
639 2567 933 2610 oberrantem
950 2566 996 2609 P
1024 2565 1267 2608 aberrante
1286 2564 1362 2608 Ho
1445 2563 1631 2608 zezabel
1647 2564 1694 2607 P
1719 2562 1901 2607 iezabel

223 2625 261 2670 S
366 2630 419 2669 17
443 2639 526 2682 per
549 2625 789 2668 mordaces
807 2625 843 2670 S
921 2639 976 2669 eae
1001 2623 1295 2667 sereddentes
1313 2628 1472 2679 postea
1495 2624 1564 2678 eff.
1591 2635 1638 2666 se
1661 2635 1712 2666 re
1735 2621 1898 2666 dentes

223 2685 319 2728 PR
385 2689 457 2727 ’18
483 2697 676 2741 corpora
693 2684 729 2728 S
800 2685 846 2727 et
868 2682 1043 2739 templo
1061 2708 1116 2715 —
1134 2681 1387 2725 adduceret
1405 2685 1458 2724 19
1475 2683 1527 2725 in
1557 2695 1684 2738 mary
1706 2681 1765 2725 al.
1783 2695 1839 2725 m.
1857 2681 1904 2725 P

280 2756 375 2786 non
397 2745 496 2786 tam
513 2743 548 2787 S
639 2747 692 2786 19
727 2742 920 2786 demone
937 2743 984 2786 P
1060 2741 1300 2785 induceret
1315 2740 1352 2785 S
1437 2744 1491 2782 21
1524 2741 1785 2783 exterorum
1808 2738 1845 2784 S

210 2821 279 2863 ‚22
302 2816 627 2860 nabutzardan
650 2815 762 2872 (dan
785 2831 838 2859 ea:
863 2815 922 2860 do
946 2817 1016 2871 eff.
1036 2830 1090 2860 m.
1107 2816 1208 2871 rec.)
1225 2814 1271 2857 P
1354 2802 1503 2869 pfect⁹
1526 2814 1606 2857 del.
1633 2818 1674 2857 et
1695 2814 1748 2858 in
1769 2827 1900 2871 mary

222 2891 306 2922 scr.
330 2875 489 2932 pfectfi
512 2875 548 2921 S
657 2880 713 2918 24
743 2875 975 2930 quodcum
999 2875 1045 2918 P
1080 2887 1307 2930 qu0*cum
1330 2873 1375 2917 R
1488 2876 1544 2915 26
1569 2871 1843 2922 hebreorum
1865 2871 1904 2917 S
