1976 3120
224 83 328 136 158
845 85 923 128 DE
957 84 1293 130 AETATIBUS

64 159 211 252 abest}
221 225 321 258 non
359 210 622 272 pluralitas
662 210 940 274 coniugum,
978 226 1077 258 non
1115 209 1442 258 uerecundiae
1475 211 1608 272 quod
1638 211 1798 261 maius
1830 214 1911 260 est

219 286 365 346 turpe
397 284 748 332 fraumentum.
808 285 876 331 Et
906 286 1074 331 tamen
1101 286 1290 345 quanta
1319 284 1372 331 in
1401 284 1443 332 is
1476 285 1701 334 omnibus
1734 285 1904 334 diuina

222 358 514 406 admiranda
560 358 841 420 clementia,
895 358 1032 405 cuius
1078 358 1279 406 modum
1325 374 1414 406 nec
1459 358 1662 407 dicendo
1713 360 1903 422 explico

147 443 205 485 31
222 449 312 480 nec
350 433 676 495 amplexando
714 433 924 480 saturor.
999 425 1191 499 Nogluit
1229 435 1288 479 ut
1332 432 1492 480 iustus
1531 436 1788 494 peccatum
1824 433 1902 481 in-

176 523 197 557 5
221 507 383 555 ultum
422 507 692 568 dimittere3
730 506 873 554 nouit
910 508 967 553 ut
1004 506 1115 567 pius
1153 506 1206 553 in
1245 506 1463 555 animam
1499 506 1771 571 uindicare;
1817 507 1902 555 ad-

218 581 463 630 monendo
512 579 746 643 conpellit
793 580 855 628 ad
893 580 1272 642 poenitentiam,
1320 581 1526 628 damnat
1561 581 1905 643 temporaliter

218 655 272 702 in
318 655 620 716 substantia,
666 657 725 701 ut
768 653 821 701 in
866 657 1107 716 perpetuo
1154 656 1397 716 temperet
1440 669 1672 716 poenam3
1722 654 1917 718 excipit.

218 729 271 776 in
311 745 399 777 suo
441 729 670 792 coniugio
709 727 842 789 quod
881 728 1041 776 alieno
1079 728 1354 791 ingesserat
1390 728 1705 778 matrimonio
1738 732 1788 777 et
1817 728 1904 776 ubi

219 803 333 865 plus
374 806 423 851 et
462 803 642 851 doloris
677 804 805 850 esset
837 805 887 849 et
918 803 1149 864 criminis,
1187 802 1318 850 filius
1349 803 1485 851 ultor
1514 803 1712 865 paterni
1741 803 1902 851 factus

152 895 196 927 10
221 880 294 925 est
334 877 549 941 sceleris3
596 880 653 924 ut
699 876 828 924 sicut
866 876 1065 924 seminis
1112 876 1435 924 titillamento
1473 876 1526 923 in
1564 876 1782 925 libidinis
1822 893 1900 925 ex-

219 952 342 999 arsit
379 951 674 1013 incendium,
712 951 786 998 ita
825 950 902 998 sui
936 950 1133 998 seminis
1164 950 1340 998 timore
1371 966 1633 1013 percussus
1664 950 1901 1014 fugiendo

219 1026 449 1073 destituit
485 1041 694 1089 regnum
730 1026 856 1072 teste
896 1025 997 1072 sole
1036 1040 1294 1087 perpessus
1336 1025 1467 1086 quod
1506 1025 1773 1072 admiserat
1812 1024 1900 1072 ali-

218 1100 416 1161 quando
456 1102 684 1147 secretus.
753 1098 861 1160 Sed,
900 1099 1034 1146 Deus
1073 1115 1224 1161 meus,
1265 1099 1384 1160 quid
1423 1114 1478 1147 oc
1518 1098 1612 1146 sibi
1648 1099 1760 1146 uult
1796 1101 1901 1146 tam

218 1176 405 1221 secreta
464 1174 646 1222 iterum
707 1173 784 1220 tui
841 1172 1013 1220 iudicii
1073 1171 1411 1235 dispensatio?
1502 1171 1603 1220 Cur
1662 1172 1903 1221 maculosi

151 1266 193 1299 15
219 1247 436 1295 criminis
483 1248 679 1295 suboles
727 1262 954 1295 successu
1005 1247 1204 1309 paterni
1256 1247 1443 1294 fruitur
1486 1244 1660 1310 regni?
1745 1246 1899 1294 Num-

218 1322 454 1384 quidnam
486 1323 773 1384 oportuerat
804 1323 861 1368 ut
899 1323 990 1369 aut
1018 1321 1226 1369 Betsabe
1261 1323 1365 1368 tam
1399 1319 1674 1383 turpissimi
1705 1319 1900 1368 sceleris

216 1396 468 1444 fuscedine
499 1396 753 1444 maculosa
784 1411 835 1443 se
867 1394 1107 1459 regnante
1137 1395 1239 1443 filio
1277 1394 1501 1458 reginam
1540 1394 1780 1456 aspiceret
1811 1395 1901 1441 aut

218 1470 451 1518 Salomon
483 1469 791 1517 adulterinae
823 1469 1010 1517 uuluae
1042 1469 1334 1532 contagione
1372 1470 1608 1531 turpatus
1639 1470 1730 1515 aut
1767 1467 1898 1515 aedi-

216 1544 396 1591 ficandi
439 1544 616 1606 templi
659 1543 892 1591 meritum
939 1545 1136 1605 caperet
1182 1546 1270 1591 aut
1315 1542 1589 1605 sapientiae
1641 1544 1898 1590 tensauros

151 1638 193 1669 20
216 1618 479 1680 indagaret
517 1621 605 1665 aut
642 1617 840 1679 paterni
877 1618 1018 1679 regni
1056 1632 1304 1665 successor
1343 1632 1399 1664 ac
1437 1616 1689 1678 potentior
1724 1612 1897 1663 fieret?

220 1691 372 1739 Cuius
410 1691 568 1754 igitur
605 1689 796 1753 patris?
872 1690 1041 1738 Alieni
1078 1691 1367 1738 concubitus
1405 1689 1707 1752 peruasoris,
1747 1688 1899 1736 alieni

217 1765 472 1829 sanguinis
505 1765 741 1826 effusoris,
780 1763 869 1811 ubi
906 1765 1044 1812 nulla
1081 1764 1306 1828 legitima
1344 1764 1443 1812 tori
1478 1762 1721 1826 coniugia,
1759 1762 1898 1810 nulla

215 1839 427 1887 iuridica
481 1838 750 1901 sponsalia,
806 1838 890 1885 sed
942 1838 1165 1886 mortalis
1220 1837 1496 1899 conscripta
1549 1836 1758 1898 epistola
1812 1835 1897 1883 ad-

216 1914 383 1961 ulterii
430 1913 593 1960 fuerat
639 1913 752 1960 lena
799 1914 849 1958 et
893 1911 1124 1973 peruasio
1171 1911 1473 1973 paranimfa3
1528 1911 1612 1957 sed
1657 1910 1896 1957 diuinitas

150 2007 193 2040 25
217 1988 336 2035 fecit
377 1987 509 2048 quod
548 1987 732 2048 decuit,
779 1986 1053 2049 gratuitam
1090 1985 1476 2033 misericordiam
1515 1984 1746 2046 contulit,
1785 1998 1896 2045 pec-

217 2062 441 2109 cantibus
466 2061 664 2108 ueniam
686 2059 946 2121 relaxauit,
975 2057 1067 2121 [et]
1099 2060 1214 2120 quia
1239 2075 1429 2121 semper
1451 2059 1606 2106 bonus
1633 2060 1719 2120 est,
1744 2057 1896 2105 etiam

215 2136 360 2182 malis
398 2135 527 2182 bona
567 2134 816 2183 concessit.
881 2132 978 2180 Sed
1007 2133 1120 2180 uide
1154 2134 1272 2195 quia
1305 2132 1520 2180 criminis
1550 2131 1679 2179 filius
1712 2131 1896 2179 crimen

215 2209 426 2257 incurrit
473 2211 522 2256 et
568 2209 903 2256 adulterinum
948 2223 1147 2270 germen
1192 2223 1290 2255 non
1344 2206 1470 2254 bono
1525 2205 1736 2254 termino
1782 2219 1893 2253 con-

334 2327 462 2378 4sqq.
480 2336 506 2366 v
538 2320 580 2364 ΙΙ
597 2320 718 2364 Sam.
738 2325 790 2362 12
855 2323 878 2362 7
892 2333 981 2376 sqq.
999 2333 1039 2363 v.
1057 2319 1100 2361 ΙΙ
1117 2318 1239 2363 Sam.
1259 2322 1312 2360 16
1377 2322 1430 2360 18
1444 2331 1535 2374 sqq.
1553 2332 1592 2362 v.
1610 2317 1631 2359 I
1646 2316 1758 2373 Reg.
1778 2320 1849 2358 2-
1866 2318 1892 2357 6

334 2443 359 2482 2
392 2441 527 2496 turpe
550 2439 863 2496 fragmentum
881 2437 916 2482 S
941 2437 1359 2492 temperamentum
1375 2435 1452 2479 Ho
1529 2433 1689 2477 diuina
1713 2434 1785 2477 est
1804 2432 1840 2477 S

215 2504 243 2542 4
274 2498 426 2543 iustus
458 2512 527 2542 om
545 2499 590 2541 P
616 2499 670 2540 ut
699 2497 849 2540 iustus
882 2510 952 2540 om
974 2496 1020 2540 R
1101 2497 1345 2552 peccatum
1375 2495 1430 2537 ut
1458 2493 1608 2537 iustus
1632 2493 1668 2538 S
1755 2496 1782 2535 5
1814 2491 1892 2534 de-

213 2587 421 2642 mittere3
453 2586 606 2630 noluit
629 2585 665 2629 S
766 2589 792 2628 6
824 2585 1001 2640 dapnat
1025 2583 1061 2628 S
1159 2587 1182 2626 7
1213 2563 1439 2639 perpetug,
1471 2585 1552 2639 (em
1581 2595 1638 2626 m.
1662 2581 1767 2636 rec.)
1790 2578 1838 2622 P

216 2651 243 2690 9
274 2648 398 2690 esset
420 2647 469 2689 et
493 2644 665 2688 doloris
690 2644 726 2688 S
798 2648 852 2686 10
876 2644 948 2701 ut]
981 2645 1029 2686 et
1051 2642 1088 2687 S
1159 2646 1212 2684 13
1244 2641 1332 2685 hoc
1354 2641 1448 2685 RS
1519 2644 1573 2683 15
1599 2637 1780 2682 soboles
1803 2636 1897 2682 RS

276 2711 331 2749 16
361 2704 559 2748 bersabe
577 2704 623 2746 P
650 2701 909 2762 bechsabee
926 2702 972 2745 R,
1001 2701 1224 2745 bersabee
1243 2700 1278 2744 S
1297 2715 1362 2744 em
1377 2700 1451 2744 He
1525 2703 1579 2741 17
1603 2696 1843 2741 maculosa
1858 2695 1896 2740 S

276 2769 330 2808 19
362 2763 527 2807 merito
545 2763 591 2805 P
667 2760 912 2804 thesauros
928 2761 1021 2806 RS
1121 2763 1177 2803 20
1201 2759 1275 2816 ac]
1300 2760 1383 2802 aut
1398 2758 1434 2803 S
1535 2762 1591 2800 22
1617 2756 1667 2800 in
1689 2755 1774 2798 illa
1790 2755 1837 2797 P

214 2823 339 2868 thori
355 2822 446 2866 RS
522 2826 578 2865 23
603 2819 804 2876 epistula
820 2819 911 2864 RS
986 2823 1042 2862 24
1064 2817 1269 2875 fugierat
1292 2816 1359 2872 (gi
1382 2830 1568 2873 expunx
1589 2830 1645 2860 m.
1670 2816 1773 2872 rec.)
1790 2814 1836 2857 P

213 2881 524 2940 paranimpha
540 2881 576 2925 S
663 2883 717 2922 25
744 2878 903 2922 docuit
919 2879 956 2924 S
1041 2883 1095 2921 26
1122 2879 1169 2921 et
1191 2891 1262 2921 om
1285 2876 1382 2920 PR
1467 2879 1521 2918 28
1547 2872 1890 2918 adulteriumR
