<?xml version="1.0" encoding="UTF-8"?>
<!DOCTYPE html PUBLIC "-//W3C//DTD XHTML 1.0 Transitional//EN"
    "http://www.w3.org/TR/xhtml1/DTD/xhtml1-transitional.dtd">
<html xmlns="http://www.w3.org/1999/xhtml" xml:lang="en" lang="en">
 <head>
  <title>
</title>
<meta http-equiv="Content-Type" content="text/html;charset=utf-8" />
  <meta name='ocr-system' content='tesseract 3.04.00' />
  <meta name='ocr-capabilities' content='ocr_page ocr_carea ocr_par ocr_line ocrx_word'/>
</head>
<body>
  <div class='ocr_page' id='page_1' title='image "./operafulg00fulguoft_0155.png"; bbox 0 0 1976 3120; ppageno 0'>
   <div class='ocr_carea' id='block_1_1' title="bbox 0 0 49 635">
    <p class='ocr_par' dir='ltr' id='par_1_1' title="bbox 0 0 49 635">
     <span class='ocr_line' id='line_1_1' title="bbox 0 0 49 635; baseline 0 2485"><span class='ocrx_word' id='word_1_1' title='bbox 0 0 49 635; x_wconf 95' lang='lat' dir='ltr'> </span> 
     </span>
    </p>
   </div>
   <div class='ocr_carea' id='block_1_2' title="bbox 691 87 1825 141">
    <p class='ocr_par' dir='ltr' id='par_1_2' title="bbox 691 87 1825 141">
     <span class='ocr_line' id='line_1_2' title="bbox 691 87 1825 141; baseline -0.003 -7"><span class='ocrx_word' id='word_1_2' title='bbox 691 87 891 134; x_wconf 79' lang='lat' dir='ltr'>MUNDI</span> <span class='ocrx_word' id='word_1_3' title='bbox 920 87 999 133; x_wconf 87' lang='grc' dir='ltr'>ΕΤ</span> <span class='ocrx_word' id='word_1_4' title='bbox 1028 87 1286 134; x_wconf 81' lang='lat' dir='ltr'>HOMINIS</span> <span class='ocrx_word' id='word_1_5' title='bbox 1720 88 1825 141; x_wconf 84' lang='lat'>135</span> 
     </span>
    </p>
   </div>
   <div class='ocr_carea' id='block_1_3' title="bbox 140 165 1976 432">
    <p class='ocr_par' dir='ltr' id='par_1_3' title="bbox 140 165 1976 432">
     <span class='ocr_line' id='line_1_3' title="bbox 141 165 1976 278; baseline -0.007 -10"><span class='ocrx_word' id='word_1_6' title='bbox 141 218 240 268; x_wconf 83' lang='lat' dir='ltr'>fuit</span> <span class='ocrx_word' id='word_1_7' title='bbox 283 243 345 251; x_wconf 93' lang='lat'>—</span> <span class='ocrx_word' id='word_1_8' title='bbox 385 230 515 264; x_wconf 92' lang='lat' dir='ltr'>nunc</span> <span class='ocrx_word' id='word_1_9' title='bbox 552 215 723 278; x_wconf 84' lang='lat' dir='ltr'>itaque</span> <span class='ocrx_word' id='word_1_10' title='bbox 755 214 971 263; x_wconf 83' lang='lat' dir='ltr'>secunda</span> <span class='ocrx_word' id='word_1_11' title='bbox 1000 214 1173 263; x_wconf 90' lang='lat' dir='ltr'>mundi</span> <span class='ocrx_word' id='word_1_12' title='bbox 1203 215 1341 262; x_wconf 87' lang='lat' dir='ltr'>aetas</span> <span class='ocrx_word' id='word_1_13' title='bbox 1373 213 1658 276; x_wconf 74' lang='lat' dir='ltr'>inquiritur,</span> <span class='ocrx_word' id='word_1_14' title='bbox 1698 230 1824 276; x_wconf 88' lang='lat' dir='ltr'>quae</span> <span class='ocrx_word' id='word_1_15' title='bbox 1847 165 1941 258; x_wconf 47' lang='lat' dir='ltr'>andesc</span> <span class='ocrx_word' id='word_1_16' title='bbox 1957 226 1976 258; x_wconf 71' lang='grc' dir='ltr'><em>ι</em></span> 
     </span>
     <span class='ocr_line' id='line_1_4' title="bbox 141 288 1822 352; baseline -0.004 -10"><span class='ocrx_word' id='word_1_17' title='bbox 141 308 201 342; x_wconf 83' lang='lat' dir='ltr'>ex</span> <span class='ocrx_word' id='word_1_18' title='bbox 244 291 417 341; x_wconf 82' lang='lat' dir='ltr'>Enoch</span> <span class='ocrx_word' id='word_1_19' title='bbox 468 289 602 338; x_wconf 87' lang='lat' dir='ltr'>felici</span> <span class='ocrx_word' id='word_1_20' title='bbox 654 289 978 338; x_wconf 87' lang='lat' dir='ltr'>translatione</span> <span class='ocrx_word' id='word_1_21' title='bbox 1033 291 1084 337; x_wconf 90' lang='lat' dir='ltr'>et</span> <span class='ocrx_word' id='word_1_22' title='bbox 1135 288 1357 352; x_wconf 80' lang='lat' dir='ltr'>paradisi</span> <span class='ocrx_word' id='word_1_23' title='bbox 1410 288 1572 336; x_wconf 91' lang='lat' dir='ltr'>incola</span> <span class='ocrx_word' id='word_1_24' title='bbox 1623 289 1822 350; x_wconf 90' lang='lat' dir='ltr'>conqui-</span> 
     </span>
     <span class='ocr_line' id='line_1_5' title="bbox 140 358 1870 432; baseline -0.003 -16"><span class='ocrx_word' id='word_1_25' title='bbox 140 367 309 416; x_wconf 82' lang='lat' dir='ltr'>sito—</span> <span class='ocrx_word' id='word_1_26' title='bbox 344 358 351 432; x_wconf 84' lang='grc' dir='ltr'>Ι</span> <span class='ocrx_word' id='word_1_27' title='bbox 385 365 438 413; x_wconf 90' lang='lat' dir='ltr'>in</span> <span class='ocrx_word' id='word_1_28' title='bbox 476 380 575 426; x_wconf 90' lang='lat' dir='ltr'>quo</span> <span class='ocrx_word' id='word_1_29' title='bbox 613 379 759 426; x_wconf 89' lang='lat' dir='ltr'>mors,</span> <span class='ocrx_word' id='word_1_30' title='bbox 796 363 915 411; x_wconf 90' lang='lat' dir='ltr'>licet</span> <span class='ocrx_word' id='word_1_31' title='bbox 946 363 1114 412; x_wconf 85' lang='lat' dir='ltr'>omnia</span> <span class='ocrx_word' id='word_1_32' title='bbox 1149 362 1324 411; x_wconf 86' lang='lat' dir='ltr'>mundi</span> <span class='ocrx_word' id='word_1_33' title='bbox 1360 362 1613 426; x_wconf 83' lang='lat' dir='ltr'>genimina</span> <span class='ocrx_word' id='word_1_34' title='bbox 1650 364 1821 425; x_wconf 78' lang='lat' dir='ltr'>rapaci</span> <span class='ocrx_word' id='word_1_35' title='bbox 1839 376 1870 416; x_wconf 83' lang='lat'><em>8</em></span> 
     </span>
    </p>
   </div>
   <div class='ocr_carea' id='block_1_4' title="bbox 139 436 1826 502">
    <p class='ocr_par' dir='ltr' id='par_1_4' title="bbox 139 436 1826 502">
     <span class='ocr_line' id='line_1_6' title="bbox 139 436 1826 502; baseline -0.002 -13"><span class='ocrx_word' id='word_1_36' title='bbox 139 440 284 489; x_wconf 81' lang='lat' dir='ltr'>hiatu</span> <span class='ocrx_word' id='word_1_37' title='bbox 317 437 604 502; x_wconf 78' lang='lat' dir='ltr'>possederit,</span> <span class='ocrx_word' id='word_1_38' title='bbox 643 438 795 487; x_wconf 89' lang='lat' dir='ltr'>solius</span> <span class='ocrx_word' id='word_1_39' title='bbox 826 439 994 485; x_wconf 86' lang='lat' dir='ltr'>tamen</span> <span class='ocrx_word' id='word_1_40' title='bbox 1023 437 1305 500; x_wconf 88' lang='lat' dir='ltr'>praesentia</span> <span class='ocrx_word' id='word_1_41' title='bbox 1334 436 1570 484; x_wconf 82' lang='lat' dir='ltr'>fraudata</span> <span class='ocrx_word' id='word_1_42' title='bbox 1601 436 1826 486; x_wconf 77' lang='lat' dir='ltr'>discessit</span> 
     </span>
    </p>
   </div>
   <div class='ocr_carea' id='block_1_5' title="bbox 46 510 1870 577">
    <p class='ocr_par' dir='ltr' id='par_1_5' title="bbox 46 510 1870 577">
     <span class='ocr_line' id='line_1_7' title="bbox 46 510 1870 577; baseline -0.001 -13"><span class='ocrx_word' id='word_1_43' title='bbox 46 541 51 554; x_wconf 84' lang='lat'><strong>·</strong></span> <span class='ocrx_word' id='word_1_44' title='bbox 140 541 206 548; x_wconf 90' lang='lat'>—-</span> <span class='ocrx_word' id='word_1_45' title='bbox 233 530 390 577; x_wconf 90' lang='lat' dir='ltr'>usque</span> <span class='ocrx_word' id='word_1_46' title='bbox 421 513 474 561; x_wconf 93' lang='lat' dir='ltr'>in</span> <span class='ocrx_word' id='word_1_47' title='bbox 504 512 726 576; x_wconf 86' lang='lat' dir='ltr'>gigantei</span> <span class='ocrx_word' id='word_1_48' title='bbox 757 511 1044 573; x_wconf 77' lang='lat' dir='ltr'>cataclysmi</span> <span class='ocrx_word' id='word_1_49' title='bbox 1074 511 1329 576; x_wconf 77' lang='lat' dir='ltr'>rugientes</span> <span class='ocrx_word' id='word_1_50' title='bbox 1360 510 1519 559; x_wconf 90' lang='lat' dir='ltr'>undas</span> <span class='ocrx_word' id='word_1_51' title='bbox 1546 512 1595 559; x_wconf 91' lang='lat' dir='ltr'>et</span> <span class='ocrx_word' id='word_1_52' title='bbox 1619 511 1822 560; x_wconf 85' lang='lat' dir='ltr'>ultrices</span> <span class='ocrx_word' id='word_1_53' title='bbox 1849 528 1870 562; x_wconf 76' lang='lat'><strong>5</strong></span> 
     </span>
    </p>
   </div>
   <div class='ocr_carea' id='block_1_6' title="bbox 135 585 1825 872">
    <p class='ocr_par' dir='ltr' id='par_1_6' title="bbox 135 585 1825 872">
     <span class='ocr_line' id='line_1_8' title="bbox 138 585 1824 650; baseline -0.002 -12"><span class='ocrx_word' id='word_1_54' title='bbox 138 589 376 638; x_wconf 85' lang='lat' dir='ltr'>scelerum</span> <span class='ocrx_word' id='word_1_55' title='bbox 414 589 749 650; x_wconf 88' lang='lat' dir='ltr'>expromtatas</span> <span class='ocrx_word' id='word_1_56' title='bbox 788 586 994 634; x_wconf 84' lang='lat' dir='ltr'>caelitus</span> <span class='ocrx_word' id='word_1_57' title='bbox 1037 588 1208 649; x_wconf 88' lang='lat' dir='ltr'>guttas</span> <span class='ocrx_word' id='word_1_58' title='bbox 1253 585 1581 648; x_wconf 86' lang='lat' dir='ltr'>perducamus</span> <span class='ocrx_word' id='word_1_59' title='bbox 1627 600 1824 634; x_wconf 91' lang='lat' dir='ltr'>necesse</span> 
     </span>
     <span class='ocr_line' id='line_1_9' title="bbox 138 659 1825 712; baseline -0.002 0"><span class='ocrx_word' id='word_1_60' title='bbox 138 666 227 712; x_wconf 88' lang='lat' dir='ltr'>est.</span> <span class='ocrx_word' id='word_1_61' title='bbox 301 662 412 710; x_wconf 90' lang='lat' dir='ltr'>Illic</span> <span class='ocrx_word' id='word_1_62' title='bbox 456 661 564 710; x_wconf 70' lang='lat' dir='ltr'>Noe</span> <span class='ocrx_word' id='word_1_63' title='bbox 615 660 849 709; x_wconf 87' lang='lat' dir='ltr'>salutaris</span> <span class='ocrx_word' id='word_1_64' title='bbox 896 675 1040 708; x_wconf 90' lang='lat' dir='ltr'>arcae</span> <span class='ocrx_word' id='word_1_65' title='bbox 1085 660 1220 708; x_wconf 89' lang='lat' dir='ltr'>felici</span> <span class='ocrx_word' id='word_1_66' title='bbox 1267 662 1546 708; x_wconf 88' lang='lat' dir='ltr'>carceratus</span> <span class='ocrx_word' id='word_1_67' title='bbox 1596 659 1825 708; x_wconf 86' lang='lat' dir='ltr'>custodia</span> 
     </span>
     <span class='ocr_line' id='line_1_10' title="bbox 135 733 1824 800; baseline -0.002 -15"><span class='ocrx_word' id='word_1_68' title='bbox 135 736 397 800; x_wconf 86' lang='lat' dir='ltr'>praeteriti</span> <span class='ocrx_word' id='word_1_69' title='bbox 454 736 595 783; x_wconf 88' lang='lat' dir='ltr'>heres</span> <span class='ocrx_word' id='word_1_70' title='bbox 655 735 930 783; x_wconf 86' lang='lat' dir='ltr'>translatus</span> <span class='ocrx_word' id='word_1_71' title='bbox 984 734 1188 796; x_wconf 86' lang='lat' dir='ltr'>saeculi,</span> <span class='ocrx_word' id='word_1_72' title='bbox 1252 735 1337 797; x_wconf 89' lang='lat' dir='ltr'>qui</span> <span class='ocrx_word' id='word_1_73' title='bbox 1391 733 1543 782; x_wconf 88' lang='lat' dir='ltr'>etiam</span> <span class='ocrx_word' id='word_1_74' title='bbox 1596 734 1824 783; x_wconf 89' lang='lat' dir='ltr'>conditor</span> 
     </span>
     <span class='ocr_line' id='line_1_11' title="bbox 135 808 1820 872; baseline -0.002 -12"><span class='ocrx_word' id='word_1_75' title='bbox 135 812 298 860; x_wconf 82' lang='lat' dir='ltr'>factus</span> <span class='ocrx_word' id='word_1_76' title='bbox 343 811 420 858; x_wconf 90' lang='lat' dir='ltr'>est</span> <span class='ocrx_word' id='word_1_77' title='bbox 465 811 516 858; x_wconf 90' lang='lat' dir='ltr'>et</span> <span class='ocrx_word' id='word_1_78' title='bbox 559 809 736 871; x_wconf 87' lang='lat' dir='ltr'>futuri,</span> <span class='ocrx_word' id='word_1_79' title='bbox 782 808 1000 871; x_wconf 88' lang='lat' dir='ltr'>propitio</span> <span class='ocrx_word' id='word_1_80' title='bbox 1047 824 1248 857; x_wconf 90' lang='lat' dir='ltr'>securus</span> <span class='ocrx_word' id='word_1_81' title='bbox 1286 808 1506 856; x_wconf 89' lang='lat' dir='ltr'>iactatur</span> <span class='ocrx_word' id='word_1_82' title='bbox 1542 808 1820 872; x_wconf 89' lang='lat' dir='ltr'>naufragio.</span> 
     </span>
    </p>
   </div>
   <div class='ocr_carea' id='block_1_7' title="bbox 7 863 1890 948">
    <p class='ocr_par' dir='ltr' id='par_1_7' title="bbox 7 863 1890 948">
     <span class='ocr_line' id='line_1_12' title="bbox 7 863 1890 948; baseline 0.001 -16"><span class='ocrx_word' id='word_1_83' title='bbox 7 863 9 868; x_wconf 11' lang='grc' dir='ltr'>ἲ</span> <span class='ocrx_word' id='word_1_84' title='bbox 54 911 58 923; x_wconf 68' lang='lat'><em>2</em></span> <span class='ocrx_word' id='word_1_85' title='bbox 134 885 231 934; x_wconf 90' lang='lat' dir='ltr'>Hic</span> <span class='ocrx_word' id='word_1_86' title='bbox 283 884 484 948; x_wconf 88' lang='lat' dir='ltr'>quidem</span> <span class='ocrx_word' id='word_1_87' title='bbox 537 884 705 931; x_wconf 91' lang='lat' dir='ltr'>sancte</span> <span class='ocrx_word' id='word_1_88' title='bbox 759 882 950 946; x_wconf 86' lang='lat' dir='ltr'>agendo</span> <span class='ocrx_word' id='word_1_89' title='bbox 1010 883 1287 944; x_wconf 89' lang='lat' dir='ltr'>promeruit</span> <span class='ocrx_word' id='word_1_90' title='bbox 1346 883 1574 945; x_wconf 90' lang='lat' dir='ltr'>pereunti</span> <span class='ocrx_word' id='word_1_91' title='bbox 1635 883 1819 931; x_wconf 92' lang='lat' dir='ltr'>mundo</span> <span class='ocrx_word' id='word_1_92' title='bbox 1846 901 1890 933; x_wconf 90' lang='lat'>10</span> 
     </span>
    </p>
   </div>
   <div class='ocr_carea' id='block_1_8' title="bbox 127 955 1884 2354">
    <p class='ocr_par' dir='ltr' id='par_1_8' title="bbox 127 955 1884 2354">
     <span class='ocr_line' id='line_1_13' title="bbox 134 955 1818 1023; baseline -0.001 -16"><span class='ocrx_word' id='word_1_93' title='bbox 134 959 320 1023; x_wconf 81' lang='lat' dir='ltr'>fugere,</span> <span class='ocrx_word' id='word_1_94' title='bbox 348 958 572 1006; x_wconf 90' lang='lat' dir='ltr'>nascenti</span> <span class='ocrx_word' id='word_1_95' title='bbox 601 972 821 1020; x_wconf 89' lang='lat' dir='ltr'>regnare.</span> <span class='ocrx_word' id='word_1_96' title='bbox 878 955 1076 1014; x_wconf 85' lang='lat' dir='ltr'>Quanto</span> <span class='ocrx_word' id='word_1_97' title='bbox 1107 957 1263 1005; x_wconf 86' lang='lat' dir='ltr'>satius</span> <span class='ocrx_word' id='word_1_98' title='bbox 1296 957 1474 1019; x_wconf 88' lang='lat' dir='ltr'>fuerat,</span> <span class='ocrx_word' id='word_1_99' title='bbox 1497 956 1632 1006; x_wconf 91' lang='lat' dir='ltr'>Deus</span> <span class='ocrx_word' id='word_1_100' title='bbox 1664 973 1818 1019; x_wconf 88' lang='lat' dir='ltr'>meus,</span> 
     </span>
     <span class='ocr_line' id='line_1_14' title="bbox 133 1031 1820 1082; baseline -0.001 0"><span class='ocrx_word' id='word_1_101' title='bbox 133 1034 376 1082; x_wconf 89' lang='lat' dir='ltr'>mundum</span> <span class='ocrx_word' id='word_1_102' title='bbox 425 1032 608 1080; x_wconf 85' lang='lat' dir='ltr'>iterum</span> <span class='ocrx_word' id='word_1_103' title='bbox 658 1031 831 1079; x_wconf 89' lang='lat' dir='ltr'>rudem</span> <span class='ocrx_word' id='word_1_104' title='bbox 875 1033 1158 1079; x_wconf 88' lang='lat' dir='ltr'>construere</span> <span class='ocrx_word' id='word_1_105' title='bbox 1204 1034 1255 1079; x_wconf 93' lang='lat' dir='ltr'>et</span> <span class='ocrx_word' id='word_1_106' title='bbox 1299 1031 1409 1080; x_wconf 84' lang='lat' dir='ltr'>Noe·</span> <span class='ocrx_word' id='word_1_107' title='bbox 1461 1031 1579 1080; x_wconf 91' lang='lat' dir='ltr'>licet</span> <span class='ocrx_word' id='word_1_108' title='bbox 1631 1031 1820 1080; x_wconf 90' lang='lat' dir='ltr'>iustum</span> 
     </span>
     <span class='ocr_line' id='line_1_15' title="bbox 135 1105 1818 1170; baseline -0.001 -14"><span class='ocrx_word' id='word_1_109' title='bbox 135 1122 446 1170; x_wconf 88' lang='lat' dir='ltr'>quocumque</span> <span class='ocrx_word' id='word_1_110' title='bbox 483 1105 657 1154; x_wconf 90' lang='lat' dir='ltr'>mortis</span> <span class='ocrx_word' id='word_1_111' title='bbox 698 1105 831 1153; x_wconf 89' lang='lat' dir='ltr'>exitu</span> <span class='ocrx_word' id='word_1_112' title='bbox 867 1105 1147 1167; x_wconf 89' lang='lat' dir='ltr'>terminare,</span> <span class='ocrx_word' id='word_1_113' title='bbox 1186 1105 1482 1168; x_wconf 88' lang='lat' dir='ltr'>praesertim</span> <span class='ocrx_word' id='word_1_114' title='bbox 1521 1106 1639 1168; x_wconf 90' lang='lat' dir='ltr'>quia</span> <span class='ocrx_word' id='word_1_115' title='bbox 1677 1123 1818 1154; x_wconf 91' lang='lat' dir='ltr'>num·</span> 
     </span>
     <span class='ocr_line' id='line_1_16' title="bbox 135 1179 1818 1244; baseline 0 -15"><span class='ocrx_word' id='word_1_116' title='bbox 135 1197 287 1244; x_wconf 91' lang='lat' dir='ltr'>quam</span> <span class='ocrx_word' id='word_1_117' title='bbox 330 1181 437 1230; x_wconf 91' lang='lat' dir='ltr'>Deo</span> <span class='ocrx_word' id='word_1_118' title='bbox 484 1179 706 1242; x_wconf 88' lang='lat' dir='ltr'>suppetit</span> <span class='ocrx_word' id='word_1_119' title='bbox 757 1179 811 1227; x_wconf 92' lang='lat' dir='ltr'>in</span> <span class='ocrx_word' id='word_1_120' title='bbox 865 1195 1011 1242; x_wconf 91' lang='lat' dir='ltr'>opere</span> <span class='ocrx_word' id='word_1_121' title='bbox 1065 1179 1299 1243; x_wconf 88' lang='lat' dir='ltr'>fatigatio</span> <span class='ocrx_word' id='word_1_122' title='bbox 1353 1195 1442 1228; x_wconf 89' lang='lat' dir='ltr'>nec</span> <span class='ocrx_word' id='word_1_123' title='bbox 1494 1180 1705 1229; x_wconf 88' lang='lat' dir='ltr'>desudat</span> <span class='ocrx_word' id='word_1_124' title='bbox 1757 1182 1818 1229; x_wconf 89' lang='lat' dir='ltr'>ut</span> 
     </span>
     <span class='ocr_line' id='line_1_17' title="bbox 133 1253 1884 1318; baseline 0.001 -15"><span class='ocrx_word' id='word_1_125' title='bbox 133 1255 372 1318; x_wconf 82' lang='lat' dir='ltr'>quiddam</span> <span class='ocrx_word' id='word_1_126' title='bbox 416 1253 660 1317; x_wconf 88' lang='lat' dir='ltr'>perficiat,</span> <span class='ocrx_word' id='word_1_127' title='bbox 714 1254 799 1301; x_wconf 89' lang='lat' dir='ltr'>sed</span> <span class='ocrx_word' id='word_1_128' title='bbox 845 1253 1132 1316; x_wconf 89' lang='lat' dir='ltr'>imperando</span> <span class='ocrx_word' id='word_1_129' title='bbox 1178 1254 1386 1303; x_wconf 88' lang='lat' dir='ltr'>mandat</span> <span class='ocrx_word' id='word_1_130' title='bbox 1430 1256 1490 1302; x_wconf 91' lang='lat' dir='ltr'>ut</span> <span class='ocrx_word' id='word_1_131' title='bbox 1533 1253 1642 1316; x_wconf 87' lang='lat' dir='ltr'>fiat,</span> <span class='ocrx_word' id='word_1_132' title='bbox 1698 1255 1816 1302; x_wconf 88' lang='lat' dir='ltr'>dum</span> <span class='ocrx_word' id='word_1_133' title='bbox 1841 1271 1884 1305; x_wconf 82' lang='lat'>15</span> 
     </span>
     <span class='ocr_line' id='line_1_18' title="bbox 132 1328 1816 1390; baseline -0.001 -12"><span class='ocrx_word' id='word_1_134' title='bbox 132 1330 301 1378; x_wconf 77' lang='lat' dir='ltr'>tamen</span> <span class='ocrx_word' id='word_1_135' title='bbox 353 1345 453 1378; x_wconf 93' lang='lat' dir='ltr'>non</span> <span class='ocrx_word' id='word_1_136' title='bbox 507 1329 756 1376; x_wconf 87' lang='lat' dir='ltr'>enatasset</span> <span class='ocrx_word' id='word_1_137' title='bbox 807 1343 963 1390; x_wconf 88' lang='lat' dir='ltr'>usque</span> <span class='ocrx_word' id='word_1_138' title='bbox 1017 1328 1069 1375; x_wconf 91' lang='lat' dir='ltr'>in</span> <span class='ocrx_word' id='word_1_139' title='bbox 1119 1328 1332 1376; x_wconf 90' lang='lat' dir='ltr'>alterum</span> <span class='ocrx_word' id='word_1_140' title='bbox 1377 1329 1630 1377; x_wconf 88' lang='lat' dir='ltr'>saeculum</span> <span class='ocrx_word' id='word_1_141' title='bbox 1675 1328 1816 1377; x_wconf 89' lang='lat' dir='ltr'>Adae</span> 
     </span>
     <span class='ocr_line' id='line_1_19' title="bbox 132 1401 1818 1466; baseline 0 -15"><span class='ocrx_word' id='word_1_142' title='bbox 132 1403 384 1466; x_wconf 87' lang='lat' dir='ltr'>peccantis</span> <span class='ocrx_word' id='word_1_143' title='bbox 429 1401 870 1465; x_wconf 87' lang='lat' dir='ltr'>transgressionale</span> <span class='ocrx_word' id='word_1_144' title='bbox 915 1402 1222 1464; x_wconf 89' lang='lat' dir='ltr'>plantarium</span> <span class='ocrx_word' id='word_1_145' title='bbox 1268 1405 1319 1451; x_wconf 95' lang='lat' dir='ltr'>et</span> <span class='ocrx_word' id='word_1_146' title='bbox 1356 1402 1529 1450; x_wconf 86' lang='lat' dir='ltr'>mundi</span> <span class='ocrx_word' id='word_1_147' title='bbox 1566 1403 1705 1451; x_wconf 87' lang='lat' dir='ltr'>rudis</span> <span class='ocrx_word' id='word_1_148' title='bbox 1743 1403 1818 1451; x_wconf 90' lang='lat' dir='ltr'>in-</span> 
     </span>
     <span class='ocr_line' id='line_1_20' title="bbox 132 1475 1817 1539; baseline 0.001 -14"><span class='ocrx_word' id='word_1_149' title='bbox 132 1477 294 1525; x_wconf 88' lang='lat' dir='ltr'>fantia</span> <span class='ocrx_word' id='word_1_150' title='bbox 346 1477 485 1525; x_wconf 92' lang='lat' dir='ltr'>nulla</span> <span class='ocrx_word' id='word_1_151' title='bbox 537 1475 796 1539; x_wconf 88' lang='lat' dir='ltr'>praeteriti</span> <span class='ocrx_word' id='word_1_152' title='bbox 847 1476 1084 1538; x_wconf 85' lang='lat' dir='ltr'>temporis</span> <span class='ocrx_word' id='word_1_153' title='bbox 1137 1477 1473 1525; x_wconf 90' lang='lat' dir='ltr'>macularetur</span> <span class='ocrx_word' id='word_1_154' title='bbox 1534 1493 1592 1524; x_wconf 90' lang='lat' dir='ltr'>ex</span> <span class='ocrx_word' id='word_1_155' title='bbox 1653 1493 1817 1526; x_wconf 90' lang='lat' dir='ltr'>causa.</span> 
     </span>
     <span class='ocr_line' id='line_1_21' title="bbox 134 1549 1820 1613; baseline -0.001 -13"><span class='ocrx_word' id='word_1_156' title='bbox 134 1550 232 1600; x_wconf 87' lang='lat' dir='ltr'>Sed</span> <span class='ocrx_word' id='word_1_157' title='bbox 285 1551 379 1599; x_wconf 90' lang='lat' dir='ltr'>eris</span> <span class='ocrx_word' id='word_1_158' title='bbox 431 1554 551 1599; x_wconf 88' lang='lat' dir='ltr'>tuae</span> <span class='ocrx_word' id='word_1_159' title='bbox 599 1549 923 1598; x_wconf 86' lang='lat' dir='ltr'>ordinationis</span> <span class='ocrx_word' id='word_1_160' title='bbox 969 1551 1026 1597; x_wconf 92' lang='lat' dir='ltr'>tu</span> <span class='ocrx_word' id='word_1_161' title='bbox 1072 1551 1204 1599; x_wconf 90' lang='lat' dir='ltr'>solus</span> <span class='ocrx_word' id='word_1_162' title='bbox 1252 1551 1472 1599; x_wconf 89' lang='lat' dir='ltr'>conscius</span> <span class='ocrx_word' id='word_1_163' title='bbox 1518 1550 1683 1613; x_wconf 87' lang='lat' dir='ltr'>testis,</span> <span class='ocrx_word' id='word_1_164' title='bbox 1738 1551 1820 1600; x_wconf 88' lang='lat' dir='ltr'>cui</span> 
     </span>
     <span class='ocr_line' id='line_1_22' title="bbox 130 1624 1884 1675; baseline 0.002 -3"><span class='ocrx_word' id='word_1_165' title='bbox 130 1625 250 1673; x_wconf 90' lang='lat' dir='ltr'>licet</span> <span class='ocrx_word' id='word_1_166' title='bbox 302 1627 353 1674; x_wconf 89' lang='lat' dir='ltr'>et</span> <span class='ocrx_word' id='word_1_167' title='bbox 403 1625 539 1673; x_wconf 88' lang='lat' dir='ltr'>iusta</span> <span class='ocrx_word' id='word_1_168' title='bbox 593 1624 758 1673; x_wconf 92' lang='lat' dir='ltr'>omnia</span> <span class='ocrx_word' id='word_1_169' title='bbox 803 1624 965 1672; x_wconf 90' lang='lat' dir='ltr'>facere</span> <span class='ocrx_word' id='word_1_170' title='bbox 1012 1626 1062 1672; x_wconf 94' lang='lat' dir='ltr'>et</span> <span class='ocrx_word' id='word_1_171' title='bbox 1107 1627 1296 1673; x_wconf 85' lang='lat' dir='ltr'>secreta</span> <span class='ocrx_word' id='word_1_172' title='bbox 1341 1624 1526 1673; x_wconf 89' lang='lat' dir='ltr'>iudicia</span> <span class='ocrx_word' id='word_1_173' title='bbox 1574 1625 1815 1674; x_wconf 89' lang='lat' dir='ltr'>ordinare.</span> <span class='ocrx_word' id='word_1_174' title='bbox 1841 1643 1884 1675; x_wconf 86' lang='lat'>20</span> 
     </span>
     <span class='ocr_line' id='line_1_23' title="bbox 132 1698 1816 1763; baseline 0.001 -16"><span class='ocrx_word' id='word_1_175' title='bbox 132 1698 262 1756; x_wconf 86' lang='lat' dir='ltr'>Quid</span> <span class='ocrx_word' id='word_1_176' title='bbox 293 1715 408 1763; x_wconf 90' lang='lat' dir='ltr'>ergo</span> <span class='ocrx_word' id='word_1_177' title='bbox 446 1699 540 1748; x_wconf 90' lang='lat' dir='ltr'>hoc</span> <span class='ocrx_word' id='word_1_178' title='bbox 577 1698 630 1746; x_wconf 90' lang='lat' dir='ltr'>in</span> <span class='ocrx_word' id='word_1_179' title='bbox 667 1701 888 1760; x_wconf 89' lang='lat' dir='ltr'>tempore</span> <span class='ocrx_word' id='word_1_180' title='bbox 920 1699 1093 1746; x_wconf 89' lang='lat' dir='ltr'>mundi</span> <span class='ocrx_word' id='word_1_181' title='bbox 1125 1701 1262 1747; x_wconf 89' lang='lat' dir='ltr'>aetas</span> <span class='ocrx_word' id='word_1_182' title='bbox 1294 1699 1516 1763; x_wconf 86' lang='lat' dir='ltr'>gesserit,</span> <span class='ocrx_word' id='word_1_183' title='bbox 1552 1699 1816 1749; x_wconf 78' lang='lat' dir='ltr'>edicamus,</span> 
     </span>
     <span class='ocr_line' id='line_1_24' title="bbox 242 1772 1817 1836; baseline 0.001 -15"><span class='ocrx_word' id='word_1_184' title='bbox 242 1773 466 1821; x_wconf 93' lang='lat' dir='ltr'>Primum</span> <span class='ocrx_word' id='word_1_185' title='bbox 495 1773 654 1836; x_wconf 89' lang='lat' dir='ltr'>igitur</span> <span class='ocrx_word' id='word_1_186' title='bbox 683 1772 909 1835; x_wconf 88' lang='lat' dir='ltr'>angelica</span> <span class='ocrx_word' id='word_1_187' title='bbox 940 1772 1147 1821; x_wconf 86' lang='lat' dir='ltr'>extorris</span> <span class='ocrx_word' id='word_1_188' title='bbox 1177 1773 1311 1822; x_wconf 91' lang='lat' dir='ltr'>caelo</span> <span class='ocrx_word' id='word_1_189' title='bbox 1336 1773 1563 1836; x_wconf 89' lang='lat' dir='ltr'>nequitia</span> <span class='ocrx_word' id='word_1_190' title='bbox 1587 1774 1817 1823; x_wconf 85' lang='lat' dir='ltr'>luxuriae</span> 
     </span>
     <span class='ocr_line' id='line_1_25' title="bbox 131 1846 1816 1898; baseline 0.001 -3"><span class='ocrx_word' id='word_1_191' title='bbox 131 1848 293 1896; x_wconf 89' lang='lat' dir='ltr'>calore</span> <span class='ocrx_word' id='word_1_192' title='bbox 346 1847 616 1897; x_wconf 88' lang='lat' dir='ltr'>torrefacta</span> <span class='ocrx_word' id='word_1_193' title='bbox 667 1846 984 1895; x_wconf 87' lang='lat' dir='ltr'>succenditur</span> <span class='ocrx_word' id='word_1_194' title='bbox 1037 1850 1088 1896; x_wconf 90' lang='lat' dir='ltr'>et</span> <span class='ocrx_word' id='word_1_195' title='bbox 1135 1849 1306 1896; x_wconf 88' lang='lat' dir='ltr'>contra</span> <span class='ocrx_word' id='word_1_196' title='bbox 1350 1851 1561 1897; x_wconf 90' lang='lat' dir='ltr'>naturae</span> <span class='ocrx_word' id='word_1_197' title='bbox 1615 1849 1816 1898; x_wconf 85' lang='lat' dir='ltr'>foedera</span> 
     </span>
     <span class='ocr_line' id='line_1_26' title="bbox 129 1921 1813 1987; baseline 0.002 -18"><span class='ocrx_word' id='word_1_198' title='bbox 129 1921 346 1971; x_wconf 88' lang='lat' dir='ltr'>humano</span> <span class='ocrx_word' id='word_1_199' title='bbox 386 1921 636 1984; x_wconf 92' lang='lat' dir='ltr'>amplexui</span> <span class='ocrx_word' id='word_1_200' title='bbox 668 1921 1024 1970; x_wconf 87' lang='lat' dir='ltr'>commiscetur.</span> <span class='ocrx_word' id='word_1_201' title='bbox 1085 1921 1169 1969; x_wconf 85' lang='lat' dir='ltr'>Fit</span> <span class='ocrx_word' id='word_1_202' title='bbox 1206 1924 1381 1984; x_wconf 87' lang='lat' dir='ltr'>partus</span> <span class='ocrx_word' id='word_1_203' title='bbox 1419 1922 1624 1985; x_wconf 87' lang='lat' dir='ltr'>inparili</span> <span class='ocrx_word' id='word_1_204' title='bbox 1661 1923 1813 1987; x_wconf 90' lang='lat' dir='ltr'>gluti-</span> 
     </span>
     <span class='ocr_line' id='line_1_27' title="bbox 128 1996 1880 2060; baseline 0.002 -17"><span class='ocrx_word' id='word_1_205' title='bbox 128 1998 275 2044; x_wconf 88' lang='lat' dir='ltr'>natus</span> <span class='ocrx_word' id='word_1_206' title='bbox 323 2012 382 2044; x_wconf 88' lang='lat' dir='ltr'>ex</span> <span class='ocrx_word' id='word_1_207' title='bbox 427 1996 561 2044; x_wconf 88' lang='lat' dir='ltr'>coitu</span> <span class='ocrx_word' id='word_1_208' title='bbox 592 1996 643 2043; x_wconf 91' lang='lat' dir='ltr'>et</span> <span class='ocrx_word' id='word_1_209' title='bbox 680 1998 851 2044; x_wconf 89' lang='lat' dir='ltr'>contra</span> <span class='ocrx_word' id='word_1_210' title='bbox 889 1998 1096 2044; x_wconf 92' lang='lat' dir='ltr'>naturae</span> <span class='ocrx_word' id='word_1_211' title='bbox 1142 1996 1340 2044; x_wconf 85' lang='lat' dir='ltr'>foedera</span> <span class='ocrx_word' id='word_1_212' title='bbox 1385 1996 1622 2060; x_wconf 86' lang='lat' dir='ltr'>gigantea</span> <span class='ocrx_word' id='word_1_213' title='bbox 1658 1998 1812 2046; x_wconf 91' lang='lat' dir='ltr'>moles</span> <span class='ocrx_word' id='word_1_214' title='bbox 1837 2012 1880 2046; x_wconf 79' lang='lat'>25</span> 
     </span>
     <span class='ocr_line' id='line_1_28' title="bbox 129 2069 1810 2133; baseline 0.001 -16"><span class='ocrx_word' id='word_1_215' title='bbox 129 2069 318 2118; x_wconf 89' lang='lat' dir='ltr'>enormi</span> <span class='ocrx_word' id='word_1_216' title='bbox 370 2069 636 2118; x_wconf 90' lang='lat' dir='ltr'>admodum</span> <span class='ocrx_word' id='word_1_217' title='bbox 688 2069 964 2133; x_wconf 86' lang='lat' dir='ltr'>porrigitur</span> <span class='ocrx_word' id='word_1_218' title='bbox 1015 2072 1174 2131; x_wconf 83' lang='lat' dir='ltr'>statu3</span> <span class='ocrx_word' id='word_1_219' title='bbox 1237 2070 1419 2133; x_wconf 89' lang='lat' dir='ltr'>accipit</span> <span class='ocrx_word' id='word_1_220' title='bbox 1477 2087 1535 2118; x_wconf 85' lang='lat' dir='ltr'>ex</span> <span class='ocrx_word' id='word_1_221' title='bbox 1586 2073 1810 2119; x_wconf 87' lang='lat' dir='ltr'>materno</span> 
     </span>
     <span class='ocr_line' id='line_1_29' title="bbox 129 2143 1809 2207; baseline 0.002 -17"><span class='ocrx_word' id='word_1_222' title='bbox 129 2144 312 2192; x_wconf 89' lang='lat' dir='ltr'>semine</span> <span class='ocrx_word' id='word_1_223' title='bbox 350 2144 596 2192; x_wconf 90' lang='lat' dir='ltr'>humanae</span> <span class='ocrx_word' id='word_1_224' title='bbox 636 2143 972 2192; x_wconf 84' lang='lat' dir='ltr'>similitudinis</span> <span class='ocrx_word' id='word_1_225' title='bbox 1020 2144 1250 2206; x_wconf 89' lang='lat' dir='ltr'>formam,</span> <span class='ocrx_word' id='word_1_226' title='bbox 1298 2145 1451 2193; x_wconf 88' lang='lat' dir='ltr'>sumit</span> <span class='ocrx_word' id='word_1_227' title='bbox 1498 2161 1556 2192; x_wconf 89' lang='lat' dir='ltr'>ex</span> <span class='ocrx_word' id='word_1_228' title='bbox 1601 2148 1809 2207; x_wconf 89' lang='lat' dir='ltr'>paterno</span> 
     </span>
     <span class='ocr_line' id='line_1_30' title="bbox 128 2217 1811 2280; baseline 0.001 -15"><span class='ocrx_word' id='word_1_229' title='bbox 128 2217 262 2266; x_wconf 92' lang='lat' dir='ltr'>coitu</span> <span class='ocrx_word' id='word_1_230' title='bbox 300 2220 529 2266; x_wconf 83' lang='lat' dir='ltr'>extensae</span> <span class='ocrx_word' id='word_1_231' title='bbox 559 2217 871 2280; x_wconf 90' lang='lat' dir='ltr'>proceritatis</span> <span class='ocrx_word' id='word_1_232' title='bbox 901 2217 1079 2265; x_wconf 91' lang='lat' dir='ltr'>miram</span> <span class='ocrx_word' id='word_1_233' title='bbox 1108 2218 1397 2279; x_wconf 90' lang='lat' dir='ltr'>potentiam.</span> <span class='ocrx_word' id='word_1_234' title='bbox 1459 2218 1650 2267; x_wconf 91' lang='lat' dir='ltr'>Dehinc</span> <span class='ocrx_word' id='word_1_235' title='bbox 1679 2219 1811 2268; x_wconf 92' lang='lat' dir='ltr'>inter</span> 
     </span>
     <span class='ocr_line' id='line_1_31' title="bbox 127 2291 1808 2354; baseline 0.002 -16"><span class='ocrx_word' id='word_1_236' title='bbox 127 2291 456 2339; x_wconf 84' lang='lat' dir='ltr'>excrescentia</span> <span class='ocrx_word' id='word_1_237' title='bbox 507 2291 766 2340; x_wconf 91' lang='lat' dir='ltr'>hominum</span> <span class='ocrx_word' id='word_1_238' title='bbox 818 2291 1202 2354; x_wconf 87' lang='lat' dir='ltr'>angelorumque</span> <span class='ocrx_word' id='word_1_239' title='bbox 1255 2294 1460 2354; x_wconf 89' lang='lat' dir='ltr'>peccata</span> <span class='ocrx_word' id='word_1_240' title='bbox 1512 2293 1619 2342; x_wconf 73' lang='lat' dir='ltr'>Noe</span> <span class='ocrx_word' id='word_1_241' title='bbox 1674 2294 1808 2342; x_wconf 90' lang='lat' dir='ltr'>solus</span> 
     </span>
    </p>
   </div>
   <div class='ocr_carea' id='block_1_9' title="bbox 129 2376 483 2384">
    <p class='ocr_par' dir='ltr' id='par_1_9' title="bbox 129 2376 483 2384">
     <span class='ocr_line' id='line_1_32' title="bbox 129 2376 483 2384; baseline 0 0"><span class='ocrx_word' id='word_1_242' title='bbox 129 2376 483 2384; x_wconf 95' lang='lat' dir='ltr'> </span> 
     </span>
    </p>
   </div>
   <div class='ocr_carea' id='block_1_10' title="bbox 128 2416 1806 2534">
    <p class='ocr_par' dir='ltr' id='par_1_10' title="bbox 128 2416 1806 2534">
     <span class='ocr_line' id='line_1_33' title="bbox 247 2416 1806 2476; baseline 0.003 -16"><span class='ocrx_word' id='word_1_243' title='bbox 247 2422 272 2460; x_wconf 85' lang='lat'><strong>2</strong></span> <span class='ocrx_word' id='word_1_244' title='bbox 306 2419 363 2473; x_wconf 83' lang='lat' dir='ltr'>cf.</span> <span class='ocrx_word' id='word_1_245' title='bbox 398 2416 508 2462; x_wconf 86' lang='lat' dir='ltr'>Gen.</span> <span class='ocrx_word' id='word_1_246' title='bbox 536 2421 576 2473; x_wconf 83' lang='lat'>5,</span> <span class='ocrx_word' id='word_1_247' title='bbox 595 2422 651 2461; x_wconf 81' lang='lat'>24</span> <span class='ocrx_word' id='word_1_248' title='bbox 765 2421 790 2461; x_wconf 82' lang='lat'><strong>7</strong></span> <span class='ocrx_word' id='word_1_249' title='bbox 813 2431 902 2475; x_wconf 85' lang='lat' dir='ltr'>sqq.</span> <span class='ocrx_word' id='word_1_250' title='bbox 935 2418 992 2473; x_wconf 81' lang='lat' dir='ltr'>cf.</span> <span class='ocrx_word' id='word_1_251' title='bbox 1026 2417 1138 2462; x_wconf 85' lang='lat' dir='ltr'>Gen.</span> <span class='ocrx_word' id='word_1_252' title='bbox 1165 2423 1191 2462; x_wconf 82' lang='lat'>6</span> <span class='ocrx_word' id='word_1_253' title='bbox 1215 2432 1282 2474; x_wconf 89' lang='lat' dir='ltr'>sq.</span> <span class='ocrx_word' id='word_1_254' title='bbox 1401 2422 1457 2462; x_wconf 83' lang='lat'>23</span> <span class='ocrx_word' id='word_1_255' title='bbox 1480 2432 1571 2476; x_wconf 84' lang='lat' dir='ltr'>sqq.</span> <span class='ocrx_word' id='word_1_256' title='bbox 1603 2420 1660 2475; x_wconf 79' lang='lat' dir='ltr'>cf.</span> <span class='ocrx_word' id='word_1_257' title='bbox 1694 2419 1806 2466; x_wconf 84' lang='lat' dir='ltr'>Gen.</span> 
     </span>
     <span class='ocr_line' id='line_1_34' title="bbox 128 2476 1106 2534; baseline 0.003 -15"><span class='ocrx_word' id='word_1_258' title='bbox 128 2479 170 2531; x_wconf 87' lang='lat'>6,</span> <span class='ocrx_word' id='word_1_259' title='bbox 188 2480 214 2519; x_wconf 89' lang='grc'>2</span> <span class='ocrx_word' id='word_1_260' title='bbox 233 2490 332 2532; x_wconf 89' lang='lat' dir='ltr'>sqq.</span> <span class='ocrx_word' id='word_1_261' title='bbox 469 2480 524 2520; x_wconf 85' lang='lat'>29</span> <span class='ocrx_word' id='word_1_262' title='bbox 547 2490 636 2534; x_wconf 77' lang='lat' dir='ltr'>sqq.</span> <span class='ocrx_word' id='word_1_263' title='bbox 669 2477 726 2532; x_wconf 78' lang='lat' dir='ltr'>cf.</span> <span class='ocrx_word' id='word_1_264' title='bbox 759 2476 870 2522; x_wconf 85' lang='lat' dir='ltr'>Gen.</span> <span class='ocrx_word' id='word_1_265' title='bbox 896 2481 937 2534; x_wconf 84' lang='lat'>6,</span> <span class='ocrx_word' id='word_1_266' title='bbox 962 2481 988 2522; x_wconf 91' lang='lat'>8</span> <span class='ocrx_word' id='word_1_267' title='bbox 1007 2491 1106 2534; x_wconf 86' lang='lat' dir='ltr'>sqq.</span> 
     </span>
    </p>
   </div>
   <div class='ocr_carea' id='block_1_11' title="bbox 126 2552 481 2561">
    <p class='ocr_par' dir='ltr' id='par_1_11' title="bbox 126 2552 481 2561">
     <span class='ocr_line' id='line_1_35' title="bbox 126 2552 481 2561; baseline 0 0"><span class='ocrx_word' id='word_1_268' title='bbox 126 2552 481 2561; x_wconf 95' lang='lat' dir='ltr'> </span> 
     </span>
    </p>
   </div>
   <div class='ocr_carea' id='block_1_12' title="bbox 125 2593 1808 2949">
    <p class='ocr_par' dir='ltr' id='par_1_12' title="bbox 125 2593 1808 2895">
     <span class='ocr_line' id='line_1_36' title="bbox 246 2593 1808 2642; baseline 0.003 -5"><span class='ocrx_word' id='word_1_269' title='bbox 246 2598 269 2637; x_wconf 95' lang='lat'>1</span> <span class='ocrx_word' id='word_1_270' title='bbox 297 2593 487 2638; x_wconf 86' lang='lat' dir='ltr'>secundi</span> <span class='ocrx_word' id='word_1_271' title='bbox 505 2611 539 2638; x_wconf 88' lang='grc' dir='ltr'>ω</span> <span class='ocrx_word' id='word_1_272' title='bbox 572 2594 775 2639; x_wconf 88' lang='lat' dir='ltr'>secunda</span> <span class='ocrx_word' id='word_1_273' title='bbox 792 2595 870 2640; x_wconf 92' lang='lat' dir='ltr'>Ho</span> <span class='ocrx_word' id='word_1_274' title='bbox 972 2599 998 2638; x_wconf 91' lang='lat'><strong>3</strong></span> <span class='ocrx_word' id='word_1_275' title='bbox 1023 2594 1149 2639; x_wconf 90' lang='lat' dir='ltr'>omni</span> <span class='ocrx_word' id='word_1_276' title='bbox 1165 2595 1212 2639; x_wconf 92' lang='lat' dir='ltr'><strong><em>P</em></strong></span> <span class='ocrx_word' id='word_1_277' title='bbox 1237 2595 1306 2640; x_wconf 89' lang='lat' dir='ltr'>ois</span> <span class='ocrx_word' id='word_1_278' title='bbox 1325 2595 1362 2641; x_wconf 86' lang='lat' dir='ltr'><strong><em>S</em></strong></span> <span class='ocrx_word' id='word_1_279' title='bbox 1379 2611 1447 2641; x_wconf 86' lang='lat' dir='ltr'>em</span> <span class='ocrx_word' id='word_1_280' title='bbox 1462 2596 1541 2642; x_wconf 88' lang='grc' dir='ltr'>Ηο</span> <span class='ocrx_word' id='word_1_281' title='bbox 1623 2609 1808 2642; x_wconf 90' lang='lat' dir='ltr'>omnem</span> 
     </span>
     <span class='ocr_line' id='line_1_37' title="bbox 125 2651 1807 2712; baseline 0.003 -16"><span class='ocrx_word' id='word_1_282' title='bbox 125 2651 350 2696; x_wconf 89' lang='lat' dir='ltr'>mundum</span> <span class='ocrx_word' id='word_1_283' title='bbox 373 2652 560 2710; x_wconf 87' lang='lat' dir='ltr'>gemina</span> <span class='ocrx_word' id='word_1_284' title='bbox 585 2655 628 2698; x_wconf 90' lang='lat' dir='ltr'><strong><em>V</em></strong></span> <span class='ocrx_word' id='word_1_285' title='bbox 697 2653 975 2712; x_wconf 86' lang='lat' dir='ltr'>rapachiatu</span> <span class='ocrx_word' id='word_1_286' title='bbox 992 2655 1038 2698; x_wconf 89' lang='lat' dir='ltr'><strong><em>P</em></strong></span> <span class='ocrx_word' id='word_1_287' title='bbox 1064 2653 1325 2712; x_wconf 87' lang='lat' dir='ltr'>rapacitate</span> <span class='ocrx_word' id='word_1_288' title='bbox 1350 2655 1395 2700; x_wconf 88' lang='lat' dir='ltr'><strong><em>V</em></strong></span> <span class='ocrx_word' id='word_1_289' title='bbox 1491 2660 1517 2699; x_wconf 82' lang='lat'>5</span> <span class='ocrx_word' id='word_1_290' title='bbox 1543 2656 1807 2701; x_wconf 86' lang='lat' dir='ltr'>cataclismi</span> 
     </span>
     <span class='ocr_line' id='line_1_38' title="bbox 127 2709 1749 2771; baseline 0.003 -15"><span class='ocrx_word' id='word_1_291' title='bbox 127 2709 166 2756; x_wconf 74' lang='lat' dir='ltr'><strong><em>S</em></strong></span> <span class='ocrx_word' id='word_1_292' title='bbox 290 2716 316 2754; x_wconf 89' lang='grc'><strong>6</strong></span> <span class='ocrx_word' id='word_1_293' title='bbox 348 2715 662 2770; x_wconf 85' lang='lat' dir='ltr'>expromtatas</span> <span class='ocrx_word' id='word_1_294' title='bbox 694 2728 763 2759; x_wconf 85' lang='lat' dir='ltr'>om</span> <span class='ocrx_word' id='word_1_295' title='bbox 795 2714 837 2758; x_wconf 90' lang='lat' dir='ltr'><strong><em>V</em></strong></span> <span class='ocrx_word' id='word_1_296' title='bbox 864 2715 958 2771; x_wconf 75' lang='lat' dir='ltr'>(sed</span> <span class='ocrx_word' id='word_1_297' title='bbox 989 2714 1075 2770; x_wconf 81' lang='lat' dir='ltr'>lac)</span> <span class='ocrx_word' id='word_1_298' title='bbox 1176 2717 1446 2760; x_wconf 78' lang='lat' dir='ltr'>constructio</span> <span class='ocrx_word' id='word_1_299' title='bbox 1476 2722 1655 2761; x_wconf 81' lang='lat' dir='ltr'>mutata</span> <span class='ocrx_word' id='word_1_300' title='bbox 1684 2722 1749 2761; x_wconf 79' lang='lat' dir='ltr'>est</span> 
     </span>
     <span class='ocr_line' id='line_1_39' title="bbox 128 2769 1805 2830; baseline 0.004 -17"><span class='ocrx_word' id='word_1_301' title='bbox 128 2772 153 2813; x_wconf 78' lang='lat'>7</span> <span class='ocrx_word' id='word_1_302' title='bbox 186 2769 323 2814; x_wconf 88' lang='lat' dir='ltr'>arche</span> <span class='ocrx_word' id='word_1_303' title='bbox 347 2771 393 2815; x_wconf 90' lang='lat' dir='ltr'><strong><em>P</em></strong></span> <span class='ocrx_word' id='word_1_304' title='bbox 510 2776 565 2816; x_wconf 92' lang='grc'>10</span> <span class='ocrx_word' id='word_1_305' title='bbox 594 2774 816 2830; x_wconf 88' lang='lat' dir='ltr'>pereunte</span> <span class='ocrx_word' id='word_1_306' title='bbox 841 2773 877 2817; x_wconf 98' lang='lat' dir='ltr'><strong><em>S</em></strong></span> <span class='ocrx_word' id='word_1_307' title='bbox 991 2777 1043 2816; x_wconf 92' lang='lat'>11</span> <span class='ocrx_word' id='word_1_308' title='bbox 1075 2775 1296 2818; x_wconf 83' lang='lat' dir='ltr'>nascente</span> <span class='ocrx_word' id='word_1_309' title='bbox 1321 2774 1357 2819; x_wconf 90' lang='lat' dir='ltr'><strong><em>S</em></strong></span> <span class='ocrx_word' id='word_1_310' title='bbox 1467 2779 1521 2819; x_wconf 88' lang='lat'>13</span> <span class='ocrx_word' id='word_1_311' title='bbox 1555 2775 1642 2820; x_wconf 89' lang='lat' dir='ltr'>deo</span> <span class='ocrx_word' id='word_1_312' title='bbox 1672 2790 1805 2819; x_wconf 91' lang='lat' dir='ltr'>num-</span> 
     </span>
     <span class='ocr_line' id='line_1_40' title="bbox 126 2829 1807 2895; baseline 0.005 -24"><span class='ocrx_word' id='word_1_313' title='bbox 126 2841 268 2884; x_wconf 89' lang='lat' dir='ltr'>quam</span> <span class='ocrx_word' id='word_1_314' title='bbox 283 2829 370 2874; x_wconf 87' lang='lat' dir='ltr'>SV</span> <span class='ocrx_word' id='word_1_315' title='bbox 453 2835 510 2874; x_wconf 83' lang='grc'>24</span> <span class='ocrx_word' id='word_1_316' title='bbox 531 2830 692 2889; x_wconf 74' lang='lat' dir='ltr'>iparili</span> <span class='ocrx_word' id='word_1_317' title='bbox 709 2831 745 2877; x_wconf 87' lang='lat' dir='ltr'><strong><em>S</em></strong></span> <span class='ocrx_word' id='word_1_318' title='bbox 771 2831 898 2875; x_wconf 86' lang='lat' dir='ltr'>uirili</span> <span class='ocrx_word' id='word_1_319' title='bbox 922 2832 967 2876; x_wconf 94' lang='lat' dir='ltr'><strong><em>V</em></strong></span> <span class='ocrx_word' id='word_1_320' title='bbox 1052 2836 1107 2876; x_wconf 84' lang='lat'>25</span> <span class='ocrx_word' id='word_1_321' title='bbox 1131 2831 1380 2890; x_wconf 82' lang='lat' dir='ltr'>giganteae</span> <span class='ocrx_word' id='word_1_322' title='bbox 1404 2835 1482 2891; x_wconf 89' lang='lat' dir='ltr'>(-e,</span> <span class='ocrx_word' id='word_1_323' title='bbox 1506 2838 1571 2895; x_wconf 70' lang='lat' dir='ltr'>-e)</span> <span class='ocrx_word' id='word_1_324' title='bbox 1589 2851 1624 2878; x_wconf 89' lang='grc' dir='ltr'><strong><em>ω</em></strong></span> <span class='ocrx_word' id='word_1_325' title='bbox 1649 2849 1713 2879; x_wconf 87' lang='lat' dir='ltr'>em</span> <span class='ocrx_word' id='word_1_326' title='bbox 1731 2835 1807 2880; x_wconf 83' lang='lat' dir='ltr'>He</span> 
     </span>
    </p>

    <p class='ocr_par' dir='ltr' id='par_1_13' title="bbox 184 2886 1751 2949">
     <span class='ocr_line' id='line_1_41' title="bbox 184 2886 1751 2949; baseline 0.004 -18"><span class='ocrx_word' id='word_1_327' title='bbox 184 2886 318 2931; x_wconf 84' lang='lat' dir='ltr'>molis</span> <span class='ocrx_word' id='word_1_328' title='bbox 344 2887 381 2933; x_wconf 88' lang='lat' dir='ltr'><strong><em>S</em></strong></span> <span class='ocrx_word' id='word_1_329' title='bbox 494 2894 550 2934; x_wconf 90' lang='grc'>26</span> <span class='ocrx_word' id='word_1_330' title='bbox 583 2889 764 2948; x_wconf 88' lang='lat' dir='ltr'>accepit</span> <span class='ocrx_word' id='word_1_331' title='bbox 793 2891 836 2935; x_wconf 95' lang='lat' dir='ltr'><strong><em>V</em></strong></span> <span class='ocrx_word' id='word_1_332' title='bbox 957 2894 1013 2934; x_wconf 84' lang='lat'>29</span> <span class='ocrx_word' id='word_1_333' title='bbox 1045 2891 1316 2948; x_wconf 86' lang='lat' dir='ltr'>angelorum</span> <span class='ocrx_word' id='word_1_334' title='bbox 1346 2892 1676 2949; x_wconf 88' lang='lat' dir='ltr'>hominumque</span> <span class='ocrx_word' id='word_1_335' title='bbox 1705 2893 1751 2939; x_wconf 95' lang='lat' dir='ltr'><strong><em>V</em></strong></span> 
     </span>
    </p>
   </div>
  </div>
 </body>
</html>
