1976 3120
0 0 18 46 Ξ

0 54 18 137 Ξ
713 87 1127 134 CONTINENTIA
1658 90 1759 142 107

23 168 63 204 ι
1325 178 1330 183 .

0 147 19 206 ᾖ
81 219 178 279 tur,
215 214 455 279 pernicies
493 230 612 263 uero
659 214 895 263 diuturna
943 217 1242 277 perseuerat.
1318 214 1434 262 Ideo
1475 218 1525 262 et
1564 230 1763 263 currum

0 298 16 373 ff
83 290 186 340 eius
224 289 526 354 circumagit,
565 290 616 337 id
662 291 737 338 est
780 289 833 336 in
871 289 1075 353 longum
1111 291 1305 351 tempus
1343 289 1582 351 protelat3
1622 292 1761 337 rotae

0 367 13 423 ’ζ
81 364 211 414 enim
239 363 294 412 in
315 363 516 411 modum
546 363 783 427 temporis
806 365 1078 426 ponuntur3
1109 363 1237 411 unde
1270 365 1320 411 et
1349 363 1570 411 Fortuna
1601 356 1764 412 rotam

0 431 12 455 ³
79 439 206 488 ferre
244 437 436 500 dicitur,
474 437 526 486 id
566 440 640 487 est
676 436 912 500 temporis
951 437 1329 486 uolubilitatem.
1367 431 1384 502 ΙΙ
1419 437 1569 485 Finit.
1762 450 1853 492 766

0 486 10 556 3
187 512 328 576 Uale,
367 512 576 576 domine,
616 514 666 560 et
702 512 800 564 mei
837 511 1046 560 tribulos
1084 511 1298 574 pectoris
1337 511 1532 560 cautius
1570 512 1693 576 lege.
1786 529 1806 562 5

1781 165 1836 199 St.

0 673 11 721 ⁷.
200 674 222 713 1
257 667 473 713 diuturne
499 670 549 714 E
665 673 690 712 2
723 667 969 712 circumait
992 667 1104 712 HE
1130 674 1171 713 et
1194 668 1244 712 D
1274 670 1505 725 (suprascr
1529 669 1588 713 al.
1620 682 1677 713 m.
1711 669 1759 726 g)

77 729 123 774 L
242 732 268 772 3
299 727 486 772 fortuna
516 729 617 788 rote
640 727 692 772 H
810 732 839 771 4
870 726 998 771 Finit
1021 728 1117 773 PR
1134 727 1229 773 UD
1260 741 1331 773 om
1354 744 1389 771 ω
1511 732 1536 771 5
1568 726 1686 772 Uale
1705 752 1759 759 -—

77 787 182 846 lege
212 801 283 833 om
304 788 354 832 D
370 788 446 847 Πβ
536 789 700 832 cautus
724 787 781 832 H
866 785 1126 844 Uirgiliane
1158 785 1475 832 continentiae
1507 786 1762 831 secundum

77 846 381 905 philosophos
411 846 602 891 moralis
634 845 863 904 expositio
896 847 1025 902 (mor.
1061 859 1160 903 exp.
1186 860 1256 891 om
1280 847 1354 904 H)
1385 860 1414 890 a
1444 845 1592 891 Fabio
1620 845 1760 891 Plan-

0 899 4 971 ,
79 906 214 952 ciade
267 905 533 963 (Plautiade
564 907 611 953 R
664 904 908 951 Planciadi
940 906 1016 962 H)
1061 905 1308 963 Fulgentio
1347 921 1387 950 v.
1429 919 1467 951 c.
1508 904 1636 950 edita.
1684 919 1759 950 ex-

75 965 212 1023 plicit
234 966 394 1011 PRH
507 965 613 1010 finit
650 965 771 1010 liber
807 963 926 1009 fabii
965 963 1101 1021 (fabii
1140 978 1210 1010 om
1239 965 1299 1022 G)
1337 963 1557 1023 fulgentii
1590 966 1617 1025 β
1655 967 1760 1010 sub-

0 1080 3 1081 ?
74 1027 318 1084 scriptione
347 1031 503 1071 carent
524 1027 560 1070 I
569 1026 613 1070 U
